date,sym,time,price,size,qualifier,bid,ask
2013-01-15,BARC.L,08:00:00.000,246.255,930680,Auc,246.25,246.26
2013-01-15,VODl.BS,08:00:00.000,159.415,792110,AUC,159.41,159.42
2013-01-15,BARC.TQ,08:00:28.800,245.54,54800,Auc,245.535,245.545
2013-01-15,VODl.TQ,08:00:28.800,160.537,706840,C,160.532,160.542
2013-01-15,BARC.L,08:00:57.600,245.481,814180,Auc,245.476,245.486
2013-01-15,VODl.TQ,08:00:57.600,159.291,653880,C,159.286,159.296
2013-01-15,BARC.TQ,08:01:26.400,241.214,750090,X,241.209,241.219
2013-01-15,VODl.CHI,08:01:26.400,162.644,899250,a,162.639,162.649
2013-01-15,BARC.L,08:01:55.200,246.705,592260,A,246.7,246.71
2013-01-15,VODl.BS,08:01:55.200,159.233,116100,B,159.228,159.238
2013-01-15,BARCl.CHI,08:02:24.000,242.602,620250,auc,242.597,242.607
2013-01-15,VOD.L,08:02:24.000,162.277,676650,B,162.272,162.282
2013-01-15,BARC.TQ,08:02:52.800,243.901,477870,B,243.896,243.906
2013-01-15,VODl.CHI,08:02:52.800,162.607,521650,a,162.602,162.612
2013-01-15,BARCl.BS,08:03:21.600,247.083,881540,x,247.078,247.088
2013-01-15,VOD.L,08:03:21.600,159.753,363120,m,159.748,159.758
2013-01-15,BARCl.BS,08:03:50.400,243.192,274930,DARK,243.187,243.197
2013-01-15,VOD.L,08:03:50.400,162.777,397990,m,162.772,162.782
2013-01-15,BARC.L,08:04:19.200,241.377,834120,C,241.372,241.382
2013-01-15,VODl.CHI,08:04:19.200,159.099,834930,a,159.094,159.104
2013-01-15,BARCl.CHI,08:04:48.000,242.985,293660,a,242.98,242.99
2013-01-15,VODl.CHI,08:04:48.000,160.486,789150,c,160.481,160.491
2013-01-15,BARCl.BS,08:05:16.800,246.419,264650,DARK,246.414,246.424
2013-01-15,VODl.CHI,08:05:16.800,159.381,303620,DRK,159.376,159.386
2013-01-15,BARC.L,08:05:45.600,247.082,34160,A,247.077,247.087
2013-01-15,VODl.TQ,08:05:45.600,160.048,899240,m,160.043,160.053
2013-01-15,BARCl.CHI,08:06:14.400,246.956,880370,b,246.951,246.961
2013-01-15,VOD.L,08:06:14.400,160.006,322110,m,160.001,160.011
2013-01-15,BARCl.BS,08:06:43.200,243.889,719940,c,243.884,243.894
2013-01-15,VODl.BS,08:06:43.200,159.808,732420,x,159.803,159.813
2013-01-15,BARC.L,08:07:12.000,242.263,674580,B,242.258,242.268
2013-01-15,VODl.TQ,08:07:12.000,159.639,426710,X,159.634,159.644
2013-01-15,BARC.L,08:07:40.800,242.107,736390,m,242.102,242.112
2013-01-15,VOD.L,08:07:40.800,160.009,455750,B,160.004,160.014
2013-01-15,BARCl.CHI,08:08:09.600,245.918,340300,auc,245.913,245.923
2013-01-15,VOD.L,08:08:09.600,160.14,486130,Auc,160.135,160.145
2013-01-15,BARCl.BS,08:08:38.400,246.579,515610,A,246.574,246.584
2013-01-15,VODl.BS,08:08:38.400,160.575,775280,x,160.57,160.58
2013-01-15,BARC.TQ,08:09:07.200,243.501,520500,B,243.496,243.506
2013-01-15,VODl.TQ,08:09:07.200,159.548,593040,m,159.543,159.553
2013-01-15,BARC.TQ,08:09:36.000,246.341,770410,X,246.336,246.346
2013-01-15,VODl.TQ,08:09:36.000,158.98,904610,C,158.975,158.985
2013-01-15,BARC.TQ,08:10:04.800,241.58,105360,X,241.575,241.585
2013-01-15,VOD.L,08:10:04.800,160.398,68320,X,160.393,160.403
2013-01-15,BARC.L,08:10:33.600,241.126,570370,X,241.121,241.131
2013-01-15,VODl.TQ,08:10:33.600,160.132,373100,m,160.127,160.137
2013-01-15,BARC.L,08:11:02.400,244.081,598060,m,244.076,244.086
2013-01-15,VODl.TQ,08:11:02.400,160.921,344840,DARKTRADE,160.916,160.926
2013-01-15,BARC.L,08:11:31.200,244.266,293290,C,244.261,244.271
2013-01-15,VOD.L,08:11:31.200,161.969,307910,DARKTRADE,161.964,161.974
2013-01-15,BARC.TQ,08:12:00.000,243,641230,C,242.995,243.005
2013-01-15,VODl.BS,08:12:00.000,160.77,95190,AUC,160.765,160.775
2013-01-15,BARC.TQ,08:12:28.800,246.851,697400,A,246.846,246.856
2013-01-15,VODl.BS,08:12:28.800,160.386,393530,DARK,160.381,160.391
2013-01-15,BARC.TQ,08:12:57.600,247.083,610680,m,247.078,247.088
2013-01-15,VODl.BS,08:12:57.600,159.635,614640,c,159.63,159.64
2013-01-15,BARCl.BS,08:13:26.400,242.724,553620,AUC,242.719,242.729
2013-01-15,VODl.BS,08:13:26.400,160.407,507380,c,160.402,160.412
2013-01-15,BARC.L,08:13:55.200,241.076,578920,C,241.071,241.081
2013-01-15,VODl.CHI,08:13:55.200,162.817,721270,a,162.812,162.822
2013-01-15,BARC.L,08:14:24.000,241.033,488050,m,241.028,241.038
2013-01-15,VODl.BS,08:14:24.000,159.419,334190,AUC,159.414,159.424
2013-01-15,BARC.TQ,08:14:52.800,243.907,87320,DARKTRADE,243.902,243.912
2013-01-15,VODl.BS,08:14:52.800,162.781,544020,A,162.776,162.786
2013-01-15,BARC.TQ,08:15:21.600,240.957,203820,C,240.952,240.962
2013-01-15,VOD.L,08:15:21.600,160.538,718020,m,160.533,160.543
2013-01-15,BARCl.CHI,08:15:50.400,245.462,157780,a,245.457,245.467
2013-01-15,VODl.BS,08:15:50.400,160.604,154860,DARK,160.599,160.609
2013-01-15,BARCl.BS,08:16:19.200,241.477,421100,A,241.472,241.482
2013-01-15,VOD.L,08:16:19.200,159.399,906490,m,159.394,159.404
2013-01-15,BARC.TQ,08:16:48.000,246.664,604930,Auc,246.659,246.669
2013-01-15,VODl.TQ,08:16:48.000,163.031,364610,Auc,163.026,163.036
2013-01-15,BARCl.CHI,08:17:16.800,243.603,49250,x,243.598,243.608
2013-01-15,VODl.CHI,08:17:16.800,163.01,929290,auc,163.005,163.015
2013-01-15,BARCl.BS,08:17:45.600,244.371,619430,B,244.366,244.376
2013-01-15,VOD.L,08:17:45.600,159.816,910750,C,159.811,159.821
2013-01-15,BARC.L,08:18:14.400,242.407,769200,A,242.402,242.412
2013-01-15,VOD.L,08:18:14.400,159.452,480650,B,159.447,159.457
2013-01-15,BARCl.CHI,08:18:43.200,243.693,998340,DRK,243.688,243.698
2013-01-15,VOD.L,08:18:43.200,158.979,362780,B,158.974,158.984
2013-01-15,BARCl.BS,08:19:12.000,241.968,898920,B,241.963,241.973
2013-01-15,VODl.TQ,08:19:12.000,159.407,820330,m,159.402,159.412
2013-01-15,BARCl.BS,08:19:40.800,241.111,588490,A,241.106,241.116
2013-01-15,VODl.BS,08:19:40.800,159.277,123480,AUC,159.272,159.282
2013-01-15,BARCl.BS,08:20:09.600,240.949,365720,AUC,240.944,240.954
2013-01-15,VOD.L,08:20:09.600,162.655,909270,X,162.65,162.66
2013-01-15,BARCl.BS,08:20:38.400,244.669,685790,c,244.664,244.674
2013-01-15,VODl.CHI,08:20:38.400,160.866,128450,c,160.861,160.871
2013-01-15,BARC.L,08:21:07.200,244.212,244030,DARKTRADE,244.207,244.217
2013-01-15,VODl.TQ,08:21:07.200,159.605,169400,X,159.6,159.61
2013-01-15,BARCl.CHI,08:21:36.000,242.288,400300,b,242.283,242.293
2013-01-15,VODl.TQ,08:21:36.000,160.494,892600,X,160.489,160.499
2013-01-15,BARC.L,08:22:04.800,247.084,54900,B,247.079,247.089
2013-01-15,VODl.CHI,08:22:04.800,160.274,131720,auc,160.269,160.279
2013-01-15,BARCl.CHI,08:22:33.600,243.38,56010,c,243.375,243.385
2013-01-15,VOD.L,08:22:33.600,162.568,36810,DARKTRADE,162.563,162.573
2013-01-15,BARC.TQ,08:23:02.400,245.077,251400,m,245.072,245.082
2013-01-15,VOD.L,08:23:02.400,159.112,827910,m,159.107,159.117
2013-01-15,BARC.TQ,08:23:31.200,246.979,609940,m,246.974,246.984
2013-01-15,VODl.TQ,08:23:31.200,159.258,159070,DARKTRADE,159.253,159.263
2013-01-15,BARC.L,08:24:00.000,240.936,944480,B,240.931,240.941
2013-01-15,VODl.CHI,08:24:00.000,159.5,39550,c,159.495,159.505
2013-01-15,BARCl.BS,08:24:28.800,244.683,711000,c,244.678,244.688
2013-01-15,VOD.L,08:24:28.800,162.955,878090,C,162.95,162.96
2013-01-15,BARCl.BS,08:24:57.600,245.538,209330,AUC,245.533,245.543
2013-01-15,VODl.CHI,08:24:57.600,159.272,969100,x,159.267,159.277
2013-01-15,BARCl.CHI,08:25:26.400,243.872,946000,a,243.867,243.877
2013-01-15,VODl.CHI,08:25:26.400,160.075,144050,a,160.07,160.08
2013-01-15,BARCl.CHI,08:25:55.200,243.538,270700,auc,243.533,243.543
2013-01-15,VODl.TQ,08:25:55.200,162.276,382010,m,162.271,162.281
2013-01-15,BARCl.BS,08:26:24.000,243.404,789430,B,243.399,243.409
2013-01-15,VODl.CHI,08:26:24.000,159.441,837800,x,159.436,159.446
2013-01-15,BARC.L,08:26:52.800,243.587,298830,DARKTRADE,243.582,243.592
2013-01-15,VODl.TQ,08:26:52.800,163.035,15960,m,163.03,163.04
2013-01-15,BARCl.BS,08:27:21.600,240.955,437300,A,240.95,240.96
2013-01-15,VODl.BS,08:27:21.600,161.1,937790,c,161.095,161.105
2013-01-15,BARCl.CHI,08:27:50.400,246.859,203780,auc,246.854,246.864
2013-01-15,VODl.CHI,08:27:50.400,159.936,772220,a,159.931,159.941
2013-01-15,BARC.L,08:28:19.200,246.854,812560,DARKTRADE,246.849,246.859
2013-01-15,VODl.TQ,08:28:19.200,161.09,507330,A,161.085,161.095
2013-01-15,BARCl.BS,08:28:48.000,245.437,972610,x,245.432,245.442
2013-01-15,VODl.CHI,08:28:48.000,159.809,841210,auc,159.804,159.814
2013-01-15,BARC.L,08:29:16.800,244.123,476540,m,244.118,244.128
2013-01-15,VODl.CHI,08:29:16.800,159.01,481900,x,159.005,159.015
2013-01-15,BARCl.CHI,08:29:45.600,240.999,455450,c,240.994,241.004
2013-01-15,VODl.TQ,08:29:45.600,161.554,97720,Auc,161.549,161.559
2013-01-15,BARC.TQ,08:30:14.400,242.233,332640,m,242.228,242.238
2013-01-15,VODl.TQ,08:30:14.400,160.66,83940,Auc,160.655,160.665
2013-01-15,BARC.TQ,08:30:43.200,242.907,276130,A,242.902,242.912
2013-01-15,VODl.TQ,08:30:43.200,162.854,997400,DARKTRADE,162.849,162.859
2013-01-15,BARCl.BS,08:31:12.000,241.004,181120,B,240.999,241.009
2013-01-15,VODl.BS,08:31:12.000,162.726,291210,x,162.721,162.731
2013-01-15,BARCl.BS,08:31:40.800,243.519,546380,AUC,243.514,243.524
2013-01-15,VODl.CHI,08:31:40.800,162.695,960020,c,162.69,162.7
2013-01-15,BARC.L,08:32:09.600,243.727,638350,m,243.722,243.732
2013-01-15,VOD.L,08:32:09.600,161.938,353430,DARKTRADE,161.933,161.943
2013-01-15,BARCl.BS,08:32:38.400,243.163,23180,x,243.158,243.168
2013-01-15,VODl.BS,08:32:38.400,160.535,970430,c,160.53,160.54
2013-01-15,BARC.TQ,08:33:07.200,243.827,956280,m,243.822,243.832
2013-01-15,VODl.BS,08:33:07.200,162.192,225890,A,162.187,162.197
2013-01-15,BARCl.BS,08:33:36.000,243.025,176140,DARK,243.02,243.03
2013-01-15,VODl.BS,08:33:36.000,163.011,966660,x,163.006,163.016
2013-01-15,BARCl.BS,08:34:04.800,245.616,626330,x,245.611,245.621
2013-01-15,VODl.BS,08:34:04.800,162.505,789400,x,162.5,162.51
2013-01-15,BARCl.BS,08:34:33.600,242.201,485650,DARK,242.196,242.206
2013-01-15,VODl.BS,08:34:33.600,162.914,425340,AUC,162.909,162.919
2013-01-15,BARC.L,08:35:02.400,244.397,680340,X,244.392,244.402
2013-01-15,VODl.TQ,08:35:02.400,161.976,241290,A,161.971,161.981
2013-01-15,BARCl.CHI,08:35:31.200,246.246,196430,c,246.241,246.251
2013-01-15,VODl.BS,08:35:31.200,162.44,266100,c,162.435,162.445
2013-01-15,BARC.L,08:36:00.000,246.676,79660,A,246.671,246.681
2013-01-15,VODl.BS,08:36:00.000,159.086,920280,x,159.081,159.091
2013-01-15,BARCl.CHI,08:36:28.800,245.704,661630,auc,245.699,245.709
2013-01-15,VODl.BS,08:36:28.800,160.501,296700,c,160.496,160.506
2013-01-15,BARCl.BS,08:36:57.600,242.341,159960,c,242.336,242.346
2013-01-15,VODl.TQ,08:36:57.600,161.639,144120,DARKTRADE,161.634,161.644
2013-01-15,BARCl.BS,08:37:26.400,242.373,285240,A,242.368,242.378
2013-01-15,VOD.L,08:37:26.400,163.025,326610,B,163.02,163.03
2013-01-15,BARCl.BS,08:37:55.200,240.936,273690,A,240.931,240.941
2013-01-15,VODl.CHI,08:37:55.200,159.686,625590,DRK,159.681,159.691
2013-01-15,BARC.TQ,08:38:24.000,246.761,812580,DARKTRADE,246.756,246.766
2013-01-15,VODl.TQ,08:38:24.000,161.119,320740,X,161.114,161.124
2013-01-15,BARCl.BS,08:38:52.800,242.095,190690,DARK,242.09,242.1
2013-01-15,VOD.L,08:38:52.800,159.785,425580,m,159.78,159.79
2013-01-15,BARC.L,08:39:21.600,244.818,998220,Auc,244.813,244.823
2013-01-15,VODl.TQ,08:39:21.600,159.82,680410,DARKTRADE,159.815,159.825
2013-01-15,BARCl.CHI,08:39:50.400,244.776,662610,a,244.771,244.781
2013-01-15,VODl.CHI,08:39:50.400,162.937,129210,DRK,162.932,162.942
2013-01-15,BARCl.BS,08:40:19.200,245.036,832890,c,245.031,245.041
2013-01-15,VODl.BS,08:40:19.200,160.613,569600,DARK,160.608,160.618
2013-01-15,BARC.L,08:40:48.000,243.336,661990,B,243.331,243.341
2013-01-15,VODl.BS,08:40:48.000,159.588,383640,B,159.583,159.593
2013-01-15,BARCl.BS,08:41:16.800,246.39,113240,x,246.385,246.395
2013-01-15,VODl.TQ,08:41:16.800,159.65,148120,Auc,159.645,159.655
2013-01-15,BARC.TQ,08:41:45.600,243.26,152220,A,243.255,243.265
2013-01-15,VODl.TQ,08:41:45.600,159.27,916250,DARKTRADE,159.265,159.275
2013-01-15,BARC.TQ,08:42:14.400,247.078,835080,m,247.073,247.083
2013-01-15,VODl.TQ,08:42:14.400,160.809,406280,Auc,160.804,160.814
2013-01-15,BARC.L,08:42:43.200,247.079,264070,DARKTRADE,247.074,247.084
2013-01-15,VODl.TQ,08:42:43.200,159.39,391060,B,159.385,159.395
2013-01-15,BARC.L,08:43:12.000,243.141,950460,Auc,243.136,243.146
2013-01-15,VOD.L,08:43:12.000,160.356,930240,Auc,160.351,160.361
2013-01-15,BARCl.BS,08:43:40.800,241.037,252580,c,241.032,241.042
2013-01-15,VODl.TQ,08:43:40.800,162.535,376930,C,162.53,162.54
2013-01-15,BARCl.BS,08:44:09.600,241.924,944090,A,241.919,241.929
2013-01-15,VODl.TQ,08:44:09.600,160.037,840000,m,160.032,160.042
2013-01-15,BARC.L,08:44:38.400,240.936,859930,B,240.931,240.941
2013-01-15,VOD.L,08:44:38.400,162.692,367700,C,162.687,162.697
2013-01-15,BARC.TQ,08:45:07.200,246.305,412340,DARKTRADE,246.3,246.31
2013-01-15,VODl.CHI,08:45:07.200,159.526,904220,x,159.521,159.531
2013-01-15,BARC.L,08:45:36.000,246.938,968050,Auc,246.933,246.943
2013-01-15,VODl.TQ,08:45:36.000,158.99,850750,DARKTRADE,158.985,158.995
2013-01-15,BARC.L,08:46:04.800,246.587,956930,A,246.582,246.592
2013-01-15,VODl.CHI,08:46:04.800,162.82,475900,c,162.815,162.825
2013-01-15,BARCl.BS,08:46:33.600,245.456,432900,A,245.451,245.461
2013-01-15,VODl.BS,08:46:33.600,163.014,761960,AUC,163.009,163.019
2013-01-15,BARC.L,08:47:02.400,246.065,804680,Auc,246.06,246.07
2013-01-15,VODl.TQ,08:47:02.400,161.708,691990,C,161.703,161.713
2013-01-15,BARC.L,08:47:31.200,246.715,902900,X,246.71,246.72
2013-01-15,VOD.L,08:47:31.200,161.395,732480,A,161.39,161.4
2013-01-15,BARC.L,08:48:00.000,244.654,235820,C,244.649,244.659
2013-01-15,VOD.L,08:48:00.000,163.018,772940,DARKTRADE,163.013,163.023
2013-01-15,BARC.L,08:48:28.800,241.112,164590,Auc,241.107,241.117
2013-01-15,VOD.L,08:48:28.800,159.93,959100,Auc,159.925,159.935
2013-01-15,BARC.TQ,08:48:57.600,241.143,500940,m,241.138,241.148
2013-01-15,VODl.CHI,08:48:57.600,161.117,339170,b,161.112,161.122
2013-01-15,BARCl.BS,08:49:26.400,244.213,665730,DARK,244.208,244.218
2013-01-15,VODl.CHI,08:49:26.400,162.492,850590,c,162.487,162.497
2013-01-15,BARCl.CHI,08:49:55.200,241.299,48730,b,241.294,241.304
2013-01-15,VODl.TQ,08:49:55.200,161.868,882760,m,161.863,161.873
2013-01-15,BARCl.BS,08:50:24.000,244.7,271170,x,244.695,244.705
2013-01-15,VODl.CHI,08:50:24.000,158.989,530420,b,158.984,158.994
2013-01-15,BARC.TQ,08:50:52.800,247.084,328230,Auc,247.079,247.089
2013-01-15,VOD.L,08:50:52.800,158.978,337970,B,158.973,158.983
2013-01-15,BARC.TQ,08:51:21.600,242.254,891800,Auc,242.249,242.259
2013-01-15,VODl.BS,08:51:21.600,162.213,554160,x,162.208,162.218
2013-01-15,BARCl.BS,08:51:50.400,243.683,757670,c,243.678,243.688
2013-01-15,VODl.BS,08:51:50.400,161.888,215240,A,161.883,161.893
2013-01-15,BARCl.BS,08:52:19.200,245.161,738700,c,245.156,245.166
2013-01-15,VOD.L,08:52:19.200,160.554,244550,X,160.549,160.559
2013-01-15,BARCl.CHI,08:52:48.000,243.514,684420,c,243.509,243.519
2013-01-15,VODl.CHI,08:52:48.000,162.116,10340,DRK,162.111,162.121
2013-01-15,BARCl.CHI,08:53:16.800,242.088,780970,auc,242.083,242.093
2013-01-15,VODl.TQ,08:53:16.800,159.98,720290,B,159.975,159.985
2013-01-15,BARC.L,08:53:45.600,241.263,651340,m,241.258,241.268
2013-01-15,VODl.BS,08:53:45.600,162.95,891320,B,162.945,162.955
2013-01-15,BARCl.CHI,08:54:14.400,241.028,531690,c,241.023,241.033
2013-01-15,VODl.TQ,08:54:14.400,160.393,72960,m,160.388,160.398
2013-01-15,BARCl.BS,08:54:43.200,242.816,968480,B,242.811,242.821
2013-01-15,VODl.BS,08:54:43.200,162.684,93750,DARK,162.679,162.689
2013-01-15,BARC.TQ,08:55:12.000,243.388,210030,C,243.383,243.393
2013-01-15,VODl.TQ,08:55:12.000,162.534,807180,A,162.529,162.539
2013-01-15,BARCl.BS,08:55:40.800,243.175,509520,c,243.17,243.18
2013-01-15,VODl.CHI,08:55:40.800,158.979,80020,a,158.974,158.984
2013-01-15,BARCl.CHI,08:56:09.600,241.469,309840,a,241.464,241.474
2013-01-15,VODl.TQ,08:56:09.600,161.79,854290,A,161.785,161.795
2013-01-15,BARCl.CHI,08:56:38.400,242.702,146340,DRK,242.697,242.707
2013-01-15,VODl.CHI,08:56:38.400,158.98,11100,a,158.975,158.985
2013-01-15,BARCl.BS,08:57:07.200,241.885,313260,c,241.88,241.89
2013-01-15,VOD.L,08:57:07.200,161.933,148670,B,161.928,161.938
2013-01-15,BARC.L,08:57:36.000,241.401,2750,C,241.396,241.406
2013-01-15,VODl.BS,08:57:36.000,161.57,339510,c,161.565,161.575
2013-01-15,BARCl.BS,08:58:04.800,241.391,434040,x,241.386,241.396
2013-01-15,VODl.BS,08:58:04.800,162.468,644190,AUC,162.463,162.473
2013-01-15,BARCl.CHI,08:58:33.600,242.683,174190,x,242.678,242.688
2013-01-15,VOD.L,08:58:33.600,162.757,228760,Auc,162.752,162.762
2013-01-15,BARCl.CHI,08:59:02.400,241.943,952330,auc,241.938,241.948
2013-01-15,VODl.CHI,08:59:02.400,159.514,230050,a,159.509,159.519
2013-01-15,BARCl.BS,08:59:31.200,243.082,391680,c,243.077,243.087
2013-01-15,VODl.BS,08:59:31.200,159.823,398350,c,159.818,159.828
2013-01-15,BARC.TQ,09:00:00.000,247.083,181170,C,247.078,247.088
2013-01-15,VOD.L,09:00:00.000,161.875,724780,B,161.87,161.88
2013-01-15,BARC.TQ,09:00:28.800,246.973,812650,X,246.968,246.978
2013-01-15,VODl.TQ,09:00:28.800,160.33,979220,X,160.325,160.335
2013-01-15,BARCl.CHI,09:00:57.600,240.975,114560,x,240.97,240.98
2013-01-15,VODl.CHI,09:00:57.600,161.861,204750,a,161.856,161.866
2013-01-15,BARCl.CHI,09:01:26.400,242.451,210660,c,242.446,242.456
2013-01-15,VODl.TQ,09:01:26.400,160.715,296430,Auc,160.71,160.72
2013-01-15,BARCl.BS,09:01:55.200,246.449,721450,AUC,246.444,246.454
2013-01-15,VODl.TQ,09:01:55.200,159.494,565240,m,159.489,159.499
2013-01-15,BARC.TQ,09:02:24.000,245.51,199460,A,245.505,245.515
2013-01-15,VODl.BS,09:02:24.000,162.426,29350,A,162.421,162.431
2013-01-15,BARC.L,09:02:52.800,241.404,891430,m,241.399,241.409
2013-01-15,VODl.BS,09:02:52.800,159.406,890450,c,159.401,159.411
2013-01-15,BARCl.CHI,09:03:21.600,242.368,195070,DRK,242.363,242.373
2013-01-15,VODl.TQ,09:03:21.600,160.741,623900,Auc,160.736,160.746
2013-01-15,BARC.TQ,09:03:50.400,241.907,665640,m,241.902,241.912
2013-01-15,VODl.TQ,09:03:50.400,158.98,15600,C,158.975,158.985
2013-01-15,BARCl.BS,09:04:19.200,241.173,282060,DARK,241.168,241.178
2013-01-15,VODl.CHI,09:04:19.200,159.43,453000,b,159.425,159.435
2013-01-15,BARCl.CHI,09:04:48.000,246.372,8900,c,246.367,246.377
2013-01-15,VOD.L,09:04:48.000,161.015,827020,DARKTRADE,161.01,161.02
2013-01-15,BARCl.BS,09:05:16.800,247.073,783080,x,247.068,247.078
2013-01-15,VOD.L,09:05:16.800,159.506,637380,C,159.501,159.511
2013-01-15,BARCl.BS,09:05:45.600,246.738,58640,A,246.733,246.743
2013-01-15,VODl.CHI,09:05:45.600,162.937,154980,a,162.932,162.942
2013-01-15,BARC.L,09:06:14.400,243.403,425480,X,243.398,243.408
2013-01-15,VODl.CHI,09:06:14.400,159.345,791680,DRK,159.34,159.35
2013-01-15,BARCl.CHI,09:06:43.200,241.786,774500,x,241.781,241.791
2013-01-15,VOD.L,09:06:43.200,162.694,913110,B,162.689,162.699
2013-01-15,BARC.TQ,09:07:12.000,241.556,298940,C,241.551,241.561
2013-01-15,VOD.L,09:07:12.000,159.164,244000,C,159.159,159.169
2013-01-15,BARCl.CHI,09:07:40.800,247.056,421300,auc,247.051,247.061
2013-01-15,VODl.TQ,09:07:40.800,159.63,144290,A,159.625,159.635
2013-01-15,BARC.L,09:08:09.600,246.961,483070,A,246.956,246.966
2013-01-15,VODl.CHI,09:08:09.600,162.724,821950,b,162.719,162.729
2013-01-15,BARC.TQ,09:08:38.400,240.967,695620,DARKTRADE,240.962,240.972
2013-01-15,VODl.TQ,09:08:38.400,160.663,932540,DARKTRADE,160.658,160.668
2013-01-15,BARCl.CHI,09:09:07.200,241.215,639880,DRK,241.21,241.22
2013-01-15,VOD.L,09:09:07.200,159.365,100550,Auc,159.36,159.37
2013-01-15,BARC.TQ,09:09:36.000,240.954,554410,X,240.949,240.959
2013-01-15,VOD.L,09:09:36.000,159.682,785530,m,159.677,159.687
2013-01-15,BARCl.CHI,09:10:04.800,241.466,389020,DRK,241.461,241.471
2013-01-15,VODl.TQ,09:10:04.800,160.779,292790,B,160.774,160.784
2013-01-15,BARCl.CHI,09:10:33.600,244.995,594360,DRK,244.99,245
2013-01-15,VODl.CHI,09:10:33.600,160.599,505990,DRK,160.594,160.604
2013-01-15,BARC.TQ,09:11:02.400,240.937,560790,DARKTRADE,240.932,240.942
2013-01-15,VODl.CHI,09:11:02.400,162.798,850170,x,162.793,162.803
2013-01-15,BARC.L,09:11:31.200,242.674,528520,X,242.669,242.679
2013-01-15,VODl.CHI,09:11:31.200,162.675,503560,x,162.67,162.68
2013-01-15,BARC.TQ,09:12:00.000,244.694,308260,A,244.689,244.699
2013-01-15,VODl.BS,09:12:00.000,162.479,504700,A,162.474,162.484
2013-01-15,BARC.L,09:12:28.800,244.273,547400,C,244.268,244.278
2013-01-15,VODl.TQ,09:12:28.800,162.631,793340,m,162.626,162.636
2013-01-15,BARCl.CHI,09:12:57.600,241.319,602420,b,241.314,241.324
2013-01-15,VOD.L,09:12:57.600,159.439,619580,B,159.434,159.444
2013-01-15,BARC.L,09:13:26.400,241.329,123780,A,241.324,241.334
2013-01-15,VODl.TQ,09:13:26.400,162.646,216770,Auc,162.641,162.651
2013-01-15,BARC.L,09:13:55.200,246.316,636820,B,246.311,246.321
2013-01-15,VOD.L,09:13:55.200,163.029,672090,Auc,163.024,163.034
2013-01-15,BARC.L,09:14:24.000,242.873,547590,DARKTRADE,242.868,242.878
2013-01-15,VODl.CHI,09:14:24.000,159.753,950830,DRK,159.748,159.758
2013-01-15,BARCl.BS,09:14:52.800,241.774,835860,DARK,241.769,241.779
2013-01-15,VODl.TQ,09:14:52.800,160.374,975880,X,160.369,160.379
2013-01-15,BARCl.BS,09:15:21.600,244.111,530880,AUC,244.106,244.116
2013-01-15,VODl.CHI,09:15:21.600,159.488,307070,DRK,159.483,159.493
2013-01-15,BARC.L,09:15:50.400,246.165,740770,Auc,246.16,246.17
2013-01-15,VOD.L,09:15:50.400,162.727,41790,B,162.722,162.732
2013-01-15,BARCl.BS,09:16:19.200,243.157,706610,DARK,243.152,243.162
2013-01-15,VODl.BS,09:16:19.200,160.223,606420,x,160.218,160.228
2013-01-15,BARC.TQ,09:16:48.000,242.252,398390,DARKTRADE,242.247,242.257
2013-01-15,VODl.TQ,09:16:48.000,159.439,536410,X,159.434,159.444
2013-01-15,BARCl.BS,09:17:16.800,243.806,844870,B,243.801,243.811
2013-01-15,VODl.TQ,09:17:16.800,163.03,60090,A,163.025,163.035
2013-01-15,BARC.TQ,09:17:45.600,240.937,140620,A,240.932,240.942
2013-01-15,VODl.BS,09:17:45.600,159.346,741140,c,159.341,159.351
2013-01-15,BARC.L,09:18:14.400,242.006,211730,DARKTRADE,242.001,242.011
2013-01-15,VODl.BS,09:18:14.400,161.935,783470,x,161.93,161.94
2013-01-15,BARCl.CHI,09:18:43.200,245.068,915580,c,245.063,245.073
2013-01-15,VODl.CHI,09:18:43.200,159.312,309740,a,159.307,159.317
2013-01-15,BARCl.BS,09:19:12.000,246.776,160230,c,246.771,246.781
2013-01-15,VOD.L,09:19:12.000,161.746,950630,DARKTRADE,161.741,161.751
2013-01-15,BARC.L,09:19:40.800,241.1,627470,DARKTRADE,241.095,241.105
2013-01-15,VODl.TQ,09:19:40.800,159.041,253730,B,159.036,159.046
2013-01-15,BARCl.BS,09:20:09.600,246.433,29760,AUC,246.428,246.438
2013-01-15,VODl.TQ,09:20:09.600,159.018,109420,A,159.013,159.023
2013-01-15,BARCl.BS,09:20:38.400,246.76,423220,AUC,246.755,246.765
2013-01-15,VOD.L,09:20:38.400,159.955,928250,Auc,159.95,159.96
2013-01-15,BARCl.CHI,09:21:07.200,245.32,63530,a,245.315,245.325
2013-01-15,VODl.CHI,09:21:07.200,161.418,126850,auc,161.413,161.423
2013-01-15,BARC.TQ,09:21:36.000,242.129,708400,DARKTRADE,242.124,242.134
2013-01-15,VODl.CHI,09:21:36.000,160.242,756070,c,160.237,160.247
2013-01-15,BARC.TQ,09:22:04.800,240.973,533290,B,240.968,240.978
2013-01-15,VODl.CHI,09:22:04.800,162.217,744440,auc,162.212,162.222
2013-01-15,BARCl.CHI,09:22:33.600,243.827,176640,auc,243.822,243.832
2013-01-15,VODl.TQ,09:22:33.600,160.057,899620,B,160.052,160.062
2013-01-15,BARCl.CHI,09:23:02.400,240.965,515110,c,240.96,240.97
2013-01-15,VODl.CHI,09:23:02.400,162.983,373640,x,162.978,162.988
2013-01-15,BARC.TQ,09:23:31.200,245.314,133630,Auc,245.309,245.319
2013-01-15,VODl.TQ,09:23:31.200,159.321,565780,Auc,159.316,159.326
2013-01-15,BARCl.BS,09:24:00.000,246.86,756220,B,246.855,246.865
2013-01-15,VOD.L,09:24:00.000,163.033,496990,C,163.028,163.038
2013-01-15,BARCl.CHI,09:24:28.800,241.597,883600,x,241.592,241.602
2013-01-15,VODl.CHI,09:24:28.800,160.568,311390,c,160.563,160.573
2013-01-15,BARCl.CHI,09:24:57.600,240.967,551220,x,240.962,240.972
2013-01-15,VODl.TQ,09:24:57.600,163.034,517780,m,163.029,163.039
2013-01-15,BARC.TQ,09:25:26.400,241.864,194270,DARKTRADE,241.859,241.869
2013-01-15,VODl.TQ,09:25:26.400,162.955,906320,m,162.95,162.96
2013-01-15,BARC.L,09:25:55.200,245.447,659320,Auc,245.442,245.452
2013-01-15,VOD.L,09:25:55.200,159.069,681090,Auc,159.064,159.074
2013-01-15,BARC.TQ,09:26:24.000,246.145,554480,Auc,246.14,246.15
2013-01-15,VODl.CHI,09:26:24.000,162.546,163380,auc,162.541,162.551
2013-01-15,BARC.TQ,09:26:52.800,246.188,819000,B,246.183,246.193
2013-01-15,VOD.L,09:26:52.800,161.588,383810,Auc,161.583,161.593
2013-01-15,BARCl.BS,09:27:21.600,246.715,146810,x,246.71,246.72
2013-01-15,VODl.CHI,09:27:21.600,162.59,948130,a,162.585,162.595
2013-01-15,BARC.L,09:27:50.400,246.622,983180,A,246.617,246.627
2013-01-15,VODl.BS,09:27:50.400,162.747,240730,x,162.742,162.752
2013-01-15,BARC.TQ,09:28:19.200,241.215,279470,C,241.21,241.22
2013-01-15,VODl.CHI,09:28:19.200,162.567,635450,x,162.562,162.572
2013-01-15,BARCl.CHI,09:28:48.000,242.833,735210,c,242.828,242.838
2013-01-15,VODl.BS,09:28:48.000,159.676,823390,B,159.671,159.681
2013-01-15,BARCl.BS,09:29:16.800,246.991,172280,AUC,246.986,246.996
2013-01-15,VODl.BS,09:29:16.800,162.003,228130,DARK,161.998,162.008
2013-01-15,BARCl.CHI,09:29:45.600,243.699,537070,a,243.694,243.704
2013-01-15,VODl.TQ,09:29:45.600,161.892,147610,B,161.887,161.897
2013-01-15,BARC.TQ,09:30:14.400,246.651,852090,A,246.646,246.656
2013-01-15,VODl.CHI,09:30:14.400,159.125,303200,x,159.12,159.13
2013-01-15,BARCl.BS,09:30:43.200,243.062,377430,AUC,243.057,243.067
2013-01-15,VODl.CHI,09:30:43.200,162.213,457820,DRK,162.208,162.218
2013-01-15,BARCl.CHI,09:31:12.000,242.758,332270,c,242.753,242.763
2013-01-15,VODl.BS,09:31:12.000,159.315,438540,B,159.31,159.32
2013-01-15,BARC.TQ,09:31:40.800,246.892,803660,B,246.887,246.897
2013-01-15,VODl.TQ,09:31:40.800,162.525,4000,A,162.52,162.53
2013-01-15,BARC.TQ,09:32:09.600,242.988,865340,X,242.983,242.993
2013-01-15,VODl.TQ,09:32:09.600,159.559,30850,DARKTRADE,159.554,159.564
2013-01-15,BARC.L,09:32:38.400,241.319,219610,C,241.314,241.324
2013-01-15,VODl.TQ,09:32:38.400,160.702,211180,C,160.697,160.707
2013-01-15,BARC.TQ,09:33:07.200,245.829,561510,B,245.824,245.834
2013-01-15,VOD.L,09:33:07.200,159.215,815830,m,159.21,159.22
2013-01-15,BARCl.CHI,09:33:36.000,244.254,933750,a,244.249,244.259
2013-01-15,VODl.TQ,09:33:36.000,161.654,933670,DARKTRADE,161.649,161.659
2013-01-15,BARC.L,09:34:04.800,242.186,291660,C,242.181,242.191
2013-01-15,VODl.BS,09:34:04.800,160.126,758680,A,160.121,160.131
2013-01-15,BARCl.CHI,09:34:33.600,244.921,515120,a,244.916,244.926
2013-01-15,VODl.BS,09:34:33.600,160.853,992850,x,160.848,160.858
2013-01-15,BARC.TQ,09:35:02.400,244.286,288900,A,244.281,244.291
2013-01-15,VODl.TQ,09:35:02.400,159.962,447490,Auc,159.957,159.967
2013-01-15,BARCl.BS,09:35:31.200,244.302,59880,c,244.297,244.307
2013-01-15,VODl.TQ,09:35:31.200,160.318,538290,C,160.313,160.323
2013-01-15,BARC.L,09:36:00.000,247.06,133400,m,247.055,247.065
2013-01-15,VODl.TQ,09:36:00.000,163.035,500660,X,163.03,163.04
2013-01-15,BARC.L,09:36:28.800,241.486,755710,A,241.481,241.491
2013-01-15,VODl.CHI,09:36:28.800,162.145,172480,c,162.14,162.15
2013-01-15,BARCl.CHI,09:36:57.600,246.458,819840,auc,246.453,246.463
2013-01-15,VODl.BS,09:36:57.600,161.706,992550,A,161.701,161.711
2013-01-15,BARCl.BS,09:37:26.400,246.924,406440,A,246.919,246.929
2013-01-15,VODl.BS,09:37:26.400,162.527,833770,c,162.522,162.532
2013-01-15,BARCl.BS,09:37:55.200,241.005,836850,c,241,241.01
2013-01-15,VODl.TQ,09:37:55.200,162.38,863970,X,162.375,162.385
2013-01-15,BARCl.BS,09:38:24.000,241.253,785680,B,241.248,241.258
2013-01-15,VODl.BS,09:38:24.000,162.637,569930,AUC,162.632,162.642
2013-01-15,BARC.L,09:38:52.800,245.637,396130,X,245.632,245.642
2013-01-15,VODl.CHI,09:38:52.800,162.656,519430,auc,162.651,162.661
2013-01-15,BARCl.CHI,09:39:21.600,246.21,714350,b,246.205,246.215
2013-01-15,VODl.BS,09:39:21.600,161.817,530770,c,161.812,161.822
2013-01-15,BARC.TQ,09:39:50.400,243.907,245600,DARKTRADE,243.902,243.912
2013-01-15,VODl.BS,09:39:50.400,159.478,819940,B,159.473,159.483
2013-01-15,BARC.TQ,09:40:19.200,241.812,318970,A,241.807,241.817
2013-01-15,VOD.L,09:40:19.200,161.195,499920,A,161.19,161.2
2013-01-15,BARC.L,09:40:48.000,246.146,619830,A,246.141,246.151
2013-01-15,VODl.CHI,09:40:48.000,159.246,565680,x,159.241,159.251
2013-01-15,BARCl.CHI,09:41:16.800,246.86,178960,a,246.855,246.865
2013-01-15,VODl.TQ,09:41:16.800,160.891,48980,B,160.886,160.896
2013-01-15,BARCl.CHI,09:41:45.600,243.088,355840,auc,243.083,243.093
2013-01-15,VODl.BS,09:41:45.600,162.157,336170,c,162.152,162.162
2013-01-15,BARC.L,09:42:14.400,246.415,991230,B,246.41,246.42
2013-01-15,VODl.TQ,09:42:14.400,159.024,789930,Auc,159.019,159.029
2013-01-15,BARCl.BS,09:42:43.200,240.937,717090,x,240.932,240.942
2013-01-15,VODl.TQ,09:42:43.200,163.017,797130,C,163.012,163.022
2013-01-15,BARC.TQ,09:43:12.000,246.377,397050,m,246.372,246.382
2013-01-15,VODl.BS,09:43:12.000,161.638,580480,AUC,161.633,161.643
2013-01-15,BARC.L,09:43:40.800,240.939,871510,Auc,240.934,240.944
2013-01-15,VODl.BS,09:43:40.800,160.29,929810,x,160.285,160.295
2013-01-15,BARCl.BS,09:44:09.600,247.033,215040,B,247.028,247.038
2013-01-15,VODl.TQ,09:44:09.600,161.95,155750,X,161.945,161.955
2013-01-15,BARC.TQ,09:44:38.400,244.209,326460,C,244.204,244.214
2013-01-15,VODl.CHI,09:44:38.400,159.922,186890,c,159.917,159.927
2013-01-15,BARC.TQ,09:45:07.200,246.975,575440,B,246.97,246.98
2013-01-15,VOD.L,09:45:07.200,160.822,835760,X,160.817,160.827
2013-01-15,BARCl.BS,09:45:36.000,242.877,764290,x,242.872,242.882
2013-01-15,VOD.L,09:45:36.000,162.435,402980,m,162.43,162.44
2013-01-15,BARC.TQ,09:46:04.800,247.056,60930,DARKTRADE,247.051,247.061
2013-01-15,VODl.CHI,09:46:04.800,159.018,935090,a,159.013,159.023
2013-01-15,BARC.L,09:46:33.600,242.397,352640,X,242.392,242.402
2013-01-15,VODl.BS,09:46:33.600,158.984,119800,AUC,158.979,158.989
2013-01-15,BARC.TQ,09:47:02.400,242.76,375130,DARKTRADE,242.755,242.765
2013-01-15,VODl.TQ,09:47:02.400,162.874,997790,C,162.869,162.879
2013-01-15,BARC.L,09:47:31.200,240.986,262770,m,240.981,240.991
2013-01-15,VODl.TQ,09:47:31.200,162.621,767460,X,162.616,162.626
2013-01-15,BARC.TQ,09:48:00.000,241.999,229910,A,241.994,242.004
2013-01-15,VODl.BS,09:48:00.000,159.343,695970,x,159.338,159.348
2013-01-15,BARCl.BS,09:48:28.800,240.953,509130,AUC,240.948,240.958
2013-01-15,VOD.L,09:48:28.800,159.579,939750,DARKTRADE,159.574,159.584
2013-01-15,BARCl.BS,09:48:57.600,241.121,504260,B,241.116,241.126
2013-01-15,VODl.BS,09:48:57.600,160.596,669550,DARK,160.591,160.601
2013-01-15,BARC.L,09:49:26.400,243.349,739190,Auc,243.344,243.354
2013-01-15,VODl.CHI,09:49:26.400,162.047,563070,c,162.042,162.052
2013-01-15,BARCl.CHI,09:49:55.200,247.067,624940,a,247.062,247.072
2013-01-15,VOD.L,09:49:55.200,162.088,121490,DARKTRADE,162.083,162.093
2013-01-15,BARCl.BS,09:50:24.000,241.349,664120,DARK,241.344,241.354
2013-01-15,VODl.CHI,09:50:24.000,159.943,693690,b,159.938,159.948
2013-01-15,BARC.L,09:50:52.800,243.148,325740,DARKTRADE,243.143,243.153
2013-01-15,VODl.CHI,09:50:52.800,161.85,69400,DRK,161.845,161.855
2013-01-15,BARCl.CHI,09:51:21.600,240.963,645570,a,240.958,240.968
2013-01-15,VODl.CHI,09:51:21.600,162.822,194880,auc,162.817,162.827
2013-01-15,BARC.L,09:51:50.400,246.587,161300,X,246.582,246.592
2013-01-15,VODl.BS,09:51:50.400,161.761,372340,x,161.756,161.766
2013-01-15,BARC.L,09:52:19.200,242.729,987870,Auc,242.724,242.734
2013-01-15,VODl.TQ,09:52:19.200,161.334,497780,Auc,161.329,161.339
2013-01-15,BARC.L,09:52:48.000,243.258,476780,C,243.253,243.263
2013-01-15,VODl.TQ,09:52:48.000,162.39,85010,Auc,162.385,162.395
2013-01-15,BARCl.BS,09:53:16.800,247.071,847480,AUC,247.066,247.076
2013-01-15,VOD.L,09:53:16.800,161.319,51120,m,161.314,161.324
2013-01-15,BARCl.CHI,09:53:45.600,246.073,590840,x,246.068,246.078
2013-01-15,VODl.BS,09:53:45.600,162.053,713270,AUC,162.048,162.058
2013-01-15,BARC.L,09:54:14.400,244.182,761250,B,244.177,244.187
2013-01-15,VODl.TQ,09:54:14.400,162.662,276380,C,162.657,162.667
2013-01-15,BARCl.BS,09:54:43.200,247.015,19480,A,247.01,247.02
2013-01-15,VODl.BS,09:54:43.200,161.078,759670,DARK,161.073,161.083
2013-01-15,BARC.L,09:55:12.000,244.871,786360,m,244.866,244.876
2013-01-15,VOD.L,09:55:12.000,159.142,49510,DARKTRADE,159.137,159.147
2013-01-15,BARCl.CHI,09:55:40.800,244.722,675430,a,244.717,244.727
2013-01-15,VODl.TQ,09:55:40.800,159.993,434230,m,159.988,159.998
2013-01-15,BARCl.BS,09:56:09.600,241.526,192620,AUC,241.521,241.531
2013-01-15,VODl.TQ,09:56:09.600,159.274,613280,Auc,159.269,159.279
2013-01-15,BARCl.BS,09:56:38.400,240.977,311110,DARK,240.972,240.982
2013-01-15,VODl.BS,09:56:38.400,162.462,261460,B,162.457,162.467
2013-01-15,BARCl.BS,09:57:07.200,246.255,637060,DARK,246.25,246.26
2013-01-15,VODl.TQ,09:57:07.200,159.267,308280,C,159.262,159.272
2013-01-15,BARCl.CHI,09:57:36.000,247.058,986880,x,247.053,247.063
2013-01-15,VODl.BS,09:57:36.000,159.178,834050,A,159.173,159.183
2013-01-15,BARC.L,09:58:04.800,245.623,873930,m,245.618,245.628
2013-01-15,VODl.CHI,09:58:04.800,159.196,653150,auc,159.191,159.201
2013-01-15,BARCl.CHI,09:58:33.600,245.056,921710,DRK,245.051,245.061
2013-01-15,VOD.L,09:58:33.600,162.113,901390,m,162.108,162.118
2013-01-15,BARC.L,09:59:02.400,242.587,136990,C,242.582,242.592
2013-01-15,VODl.CHI,09:59:02.400,159.19,451870,x,159.185,159.195
2013-01-15,BARC.L,09:59:31.200,247.077,465990,m,247.072,247.082
2013-01-15,VODl.TQ,09:59:31.200,161.425,54610,C,161.42,161.43
2013-01-15,BARCl.BS,10:00:00.000,246.285,560340,B,246.28,246.29
2013-01-15,VOD.L,10:00:00.000,159.255,64110,X,159.25,159.26
2013-01-15,BARCl.BS,10:00:28.800,241.21,257580,DARK,241.205,241.215
2013-01-15,VODl.CHI,10:00:28.800,161.564,877120,b,161.559,161.569
2013-01-15,BARCl.BS,10:00:57.600,244.162,673300,DARK,244.157,244.167
2013-01-15,VODl.BS,10:00:57.600,159.038,36430,AUC,159.033,159.043
2013-01-15,BARC.L,10:01:26.400,244.435,267800,DARKTRADE,244.43,244.44
2013-01-15,VODl.CHI,10:01:26.400,163.034,635760,b,163.029,163.039
2013-01-15,BARCl.CHI,10:01:55.200,246.784,110,a,246.779,246.789
2013-01-15,VODl.CHI,10:01:55.200,158.999,560130,a,158.994,159.004
2013-01-15,BARCl.CHI,10:02:24.000,242.344,780070,b,242.339,242.349
2013-01-15,VOD.L,10:02:24.000,159.064,456370,B,159.059,159.069
2013-01-15,BARC.L,10:02:52.800,241.176,172030,A,241.171,241.181
2013-01-15,VODl.CHI,10:02:52.800,159.274,13980,DRK,159.269,159.279
2013-01-15,BARCl.BS,10:03:21.600,241.71,4520,AUC,241.705,241.715
2013-01-15,VOD.L,10:03:21.600,161.832,127770,C,161.827,161.837
2013-01-15,BARCl.BS,10:03:50.400,241.071,930240,B,241.066,241.076
2013-01-15,VODl.CHI,10:03:50.400,159.146,205600,b,159.141,159.151
2013-01-15,BARC.TQ,10:04:19.200,240.977,359010,DARKTRADE,240.972,240.982
2013-01-15,VOD.L,10:04:19.200,162.009,17170,m,162.004,162.014
2013-01-15,BARCl.CHI,10:04:48.000,242.94,881640,DRK,242.935,242.945
2013-01-15,VODl.CHI,10:04:48.000,161.569,280390,c,161.564,161.574
2013-01-15,BARCl.BS,10:05:16.800,242.767,763580,AUC,242.762,242.772
2013-01-15,VODl.BS,10:05:16.800,162.294,869370,B,162.289,162.299
2013-01-15,BARCl.CHI,10:05:45.600,247.001,947590,a,246.996,247.006
2013-01-15,VODl.BS,10:05:45.600,162.852,50930,AUC,162.847,162.857
2013-01-15,BARCl.CHI,10:06:14.400,244.961,250360,c,244.956,244.966
2013-01-15,VOD.L,10:06:14.400,162.571,605500,X,162.566,162.576
2013-01-15,BARC.TQ,10:06:43.200,241.24,960260,DARKTRADE,241.235,241.245
2013-01-15,VODl.BS,10:06:43.200,162.9,532060,DARK,162.895,162.905
2013-01-15,BARCl.BS,10:07:12.000,242.146,939480,AUC,242.141,242.151
2013-01-15,VODl.BS,10:07:12.000,162.932,528050,c,162.927,162.937
2013-01-15,BARC.L,10:07:40.800,241.861,469660,C,241.856,241.866
2013-01-15,VOD.L,10:07:40.800,159.942,981310,X,159.937,159.947
2013-01-15,BARC.TQ,10:08:09.600,241.901,247870,A,241.896,241.906
2013-01-15,VODl.CHI,10:08:09.600,161.675,563600,auc,161.67,161.68
2013-01-15,BARCl.BS,10:08:38.400,243.39,753400,c,243.385,243.395
2013-01-15,VODl.BS,10:08:38.400,159.698,609530,AUC,159.693,159.703
2013-01-15,BARC.L,10:09:07.200,241.439,875560,Auc,241.434,241.444
2013-01-15,VODl.TQ,10:09:07.200,162.479,313030,m,162.474,162.484
2013-01-15,BARC.TQ,10:09:36.000,241.449,791600,Auc,241.444,241.454
2013-01-15,VODl.TQ,10:09:36.000,159.556,577490,m,159.551,159.561
2013-01-15,BARCl.BS,10:10:04.800,241.141,678720,DARK,241.136,241.146
2013-01-15,VODl.BS,10:10:04.800,160.401,241010,DARK,160.396,160.406
2013-01-15,BARC.L,10:10:33.600,241.099,431660,m,241.094,241.104
2013-01-15,VOD.L,10:10:33.600,161.839,599640,DARKTRADE,161.834,161.844
2013-01-15,BARC.TQ,10:11:02.400,241.608,764470,C,241.603,241.613
2013-01-15,VODl.TQ,10:11:02.400,160.685,772050,Auc,160.68,160.69
2013-01-15,BARCl.CHI,10:11:31.200,242.256,29120,b,242.251,242.261
2013-01-15,VODl.TQ,10:11:31.200,161.903,795810,DARKTRADE,161.898,161.908
2013-01-15,BARCl.BS,10:12:00.000,241.655,72910,x,241.65,241.66
2013-01-15,VODl.TQ,10:12:00.000,159.949,439370,X,159.944,159.954
2013-01-15,BARC.L,10:12:28.800,243.54,446090,Auc,243.535,243.545
2013-01-15,VODl.BS,10:12:28.800,162.334,866270,x,162.329,162.339
2013-01-15,BARC.TQ,10:12:57.600,245.634,824660,m,245.629,245.639
2013-01-15,VODl.TQ,10:12:57.600,162.818,684040,DARKTRADE,162.813,162.823
2013-01-15,BARCl.BS,10:13:26.400,243.348,98520,AUC,243.343,243.353
2013-01-15,VODl.TQ,10:13:26.400,159.969,529610,Auc,159.964,159.974
2013-01-15,BARC.L,10:13:55.200,246.697,2340,C,246.692,246.702
2013-01-15,VODl.BS,10:13:55.200,161.739,776670,c,161.734,161.744
2013-01-15,BARCl.BS,10:14:24.000,246.404,859380,A,246.399,246.409
2013-01-15,VOD.L,10:14:24.000,160.984,65940,X,160.979,160.989
2013-01-15,BARC.L,10:14:52.800,244.814,378560,A,244.809,244.819
2013-01-15,VODl.CHI,10:14:52.800,162.614,751720,b,162.609,162.619
2013-01-15,BARC.TQ,10:15:21.600,246.264,618370,A,246.259,246.269
2013-01-15,VODl.CHI,10:15:21.600,162.93,302780,a,162.925,162.935
2013-01-15,BARC.L,10:15:50.400,247.083,124110,DARKTRADE,247.078,247.088
2013-01-15,VODl.BS,10:15:50.400,159.833,180370,AUC,159.828,159.838
2013-01-15,BARC.TQ,10:16:19.200,246.479,27600,DARKTRADE,246.474,246.484
2013-01-15,VOD.L,10:16:19.200,162.899,89720,Auc,162.894,162.904
2013-01-15,BARCl.CHI,10:16:48.000,243.944,71210,x,243.939,243.949
2013-01-15,VODl.TQ,10:16:48.000,162.514,857860,Auc,162.509,162.519
2013-01-15,BARC.TQ,10:17:16.800,240.938,904990,A,240.933,240.943
2013-01-15,VODl.BS,10:17:16.800,162.729,577850,AUC,162.724,162.734
2013-01-15,BARCl.CHI,10:17:45.600,242.484,345310,c,242.479,242.489
2013-01-15,VOD.L,10:17:45.600,159.952,892710,A,159.947,159.957
2013-01-15,BARC.TQ,10:18:14.400,244.067,869680,C,244.062,244.072
2013-01-15,VODl.TQ,10:18:14.400,161.738,166870,B,161.733,161.743
2013-01-15,BARCl.BS,10:18:43.200,246.21,405880,c,246.205,246.215
2013-01-15,VOD.L,10:18:43.200,161.253,210310,C,161.248,161.258
2013-01-15,BARC.L,10:19:12.000,245.398,600940,m,245.393,245.403
2013-01-15,VODl.CHI,10:19:12.000,158.978,266470,c,158.973,158.983
2013-01-15,BARC.L,10:19:40.800,242.251,970030,A,242.246,242.256
2013-01-15,VODl.TQ,10:19:40.800,160.815,593280,B,160.81,160.82
2013-01-15,BARC.TQ,10:20:09.600,242.001,231470,m,241.996,242.006
2013-01-15,VODl.BS,10:20:09.600,160.174,677340,AUC,160.169,160.179
2013-01-15,BARCl.CHI,10:20:38.400,240.936,359850,auc,240.931,240.941
2013-01-15,VOD.L,10:20:38.400,162.788,860280,B,162.783,162.793
2013-01-15,BARC.TQ,10:21:07.200,242.469,502550,Auc,242.464,242.474
2013-01-15,VODl.TQ,10:21:07.200,161.784,322270,A,161.779,161.789
2013-01-15,BARC.TQ,10:21:36.000,244.592,64750,X,244.587,244.597
2013-01-15,VODl.TQ,10:21:36.000,159.475,980280,A,159.47,159.48
2013-01-15,BARC.TQ,10:22:04.800,246.332,407950,m,246.327,246.337
2013-01-15,VODl.BS,10:22:04.800,161.437,871230,x,161.432,161.442
2013-01-15,BARCl.BS,10:22:33.600,244.986,425960,B,244.981,244.991
2013-01-15,VODl.BS,10:22:33.600,163.02,119800,x,163.015,163.025
2013-01-15,BARC.L,10:23:02.400,241.922,432670,C,241.917,241.927
2013-01-15,VODl.TQ,10:23:02.400,159.261,324890,DARKTRADE,159.256,159.266
2013-01-15,BARC.L,10:23:31.200,240.946,396750,Auc,240.941,240.951
2013-01-15,VOD.L,10:23:31.200,159.126,930980,X,159.121,159.131
2013-01-15,BARC.TQ,10:24:00.000,241.614,838470,X,241.609,241.619
2013-01-15,VODl.TQ,10:24:00.000,163.035,174030,DARKTRADE,163.03,163.04
2013-01-15,BARCl.CHI,10:24:28.800,242.164,283530,b,242.159,242.169
2013-01-15,VODl.BS,10:24:28.800,160.321,650260,DARK,160.316,160.326
2013-01-15,BARC.TQ,10:24:57.600,246.67,957330,C,246.665,246.675
2013-01-15,VODl.TQ,10:24:57.600,158.986,653550,C,158.981,158.991
2013-01-15,BARCl.CHI,10:25:26.400,245.04,637390,b,245.035,245.045
2013-01-15,VODl.CHI,10:25:26.400,159.811,366590,c,159.806,159.816
2013-01-15,BARCl.CHI,10:25:55.200,245.604,571910,auc,245.599,245.609
2013-01-15,VODl.BS,10:25:55.200,160.143,326920,A,160.138,160.148
2013-01-15,BARC.TQ,10:26:24.000,241.359,123590,A,241.354,241.364
2013-01-15,VOD.L,10:26:24.000,161.055,912330,B,161.05,161.06
2013-01-15,BARCl.CHI,10:26:52.800,246.996,485240,x,246.991,247.001
2013-01-15,VODl.BS,10:26:52.800,162.671,674270,AUC,162.666,162.676
2013-01-15,BARCl.BS,10:27:21.600,245.067,698070,c,245.062,245.072
2013-01-15,VODl.CHI,10:27:21.600,163.001,318740,auc,162.996,163.006
2013-01-15,BARC.L,10:27:50.400,246.26,800040,m,246.255,246.265
2013-01-15,VODl.BS,10:27:50.400,159.973,959110,B,159.968,159.978
2013-01-15,BARCl.CHI,10:28:19.200,245.219,737490,b,245.214,245.224
2013-01-15,VODl.TQ,10:28:19.200,160.23,28700,C,160.225,160.235
2013-01-15,BARCl.CHI,10:28:48.000,243.408,642300,a,243.403,243.413
2013-01-15,VODl.TQ,10:28:48.000,160.123,334090,A,160.118,160.128
2013-01-15,BARCl.CHI,10:29:16.800,242.631,216790,a,242.626,242.636
2013-01-15,VODl.TQ,10:29:16.800,161.432,44520,DARKTRADE,161.427,161.437
2013-01-15,BARCl.BS,10:29:45.600,242.269,443060,A,242.264,242.274
2013-01-15,VOD.L,10:29:45.600,161.001,31420,B,160.996,161.006
2013-01-15,BARCl.BS,10:30:14.400,240.992,109340,DARK,240.987,240.997
2013-01-15,VODl.CHI,10:30:14.400,159.083,149620,auc,159.078,159.088
2013-01-15,BARCl.CHI,10:30:43.200,241.3,195610,DRK,241.295,241.305
2013-01-15,VODl.TQ,10:30:43.200,161.922,294390,m,161.917,161.927
2013-01-15,BARCl.CHI,10:31:12.000,243.52,303080,DRK,243.515,243.525
2013-01-15,VODl.CHI,10:31:12.000,160.388,475490,c,160.383,160.393
2013-01-15,BARC.TQ,10:31:40.800,241.91,951080,Auc,241.905,241.915
2013-01-15,VODl.CHI,10:31:40.800,159.116,554610,b,159.111,159.121
2013-01-15,BARCl.CHI,10:32:09.600,246.848,231150,DRK,246.843,246.853
2013-01-15,VODl.CHI,10:32:09.600,161.905,11710,DRK,161.9,161.91
2013-01-15,BARC.TQ,10:32:38.400,245.185,555940,Auc,245.18,245.19
2013-01-15,VODl.BS,10:32:38.400,162.527,561770,A,162.522,162.532
2013-01-15,BARC.L,10:33:07.200,241.652,291640,X,241.647,241.657
2013-01-15,VODl.BS,10:33:07.200,162.73,313770,x,162.725,162.735
2013-01-15,BARC.TQ,10:33:36.000,245.017,894450,C,245.012,245.022
2013-01-15,VODl.TQ,10:33:36.000,159.517,777170,m,159.512,159.522
2013-01-15,BARC.TQ,10:34:04.800,244.308,606340,B,244.303,244.313
2013-01-15,VODl.CHI,10:34:04.800,163.027,888810,c,163.022,163.032
2013-01-15,BARC.TQ,10:34:33.600,243.418,294210,m,243.413,243.423
2013-01-15,VODl.TQ,10:34:33.600,160.472,65430,Auc,160.467,160.477
2013-01-15,BARCl.BS,10:35:02.400,247.041,746410,x,247.036,247.046
2013-01-15,VOD.L,10:35:02.400,161.825,122200,m,161.82,161.83
2013-01-15,BARCl.BS,10:35:31.200,247.026,608590,x,247.021,247.031
2013-01-15,VOD.L,10:35:31.200,159.149,885170,Auc,159.144,159.154
2013-01-15,BARCl.CHI,10:36:00.000,243.835,302600,a,243.83,243.84
2013-01-15,VODl.TQ,10:36:00.000,159.173,636600,B,159.168,159.178
2013-01-15,BARCl.CHI,10:36:28.800,242.14,925550,auc,242.135,242.145
2013-01-15,VOD.L,10:36:28.800,161.782,548870,m,161.777,161.787
2013-01-15,BARCl.CHI,10:36:57.600,244.603,76550,DRK,244.598,244.608
2013-01-15,VODl.BS,10:36:57.600,160.73,282840,A,160.725,160.735
2013-01-15,BARCl.BS,10:37:26.400,242.756,407490,DARK,242.751,242.761
2013-01-15,VODl.BS,10:37:26.400,162.83,434270,A,162.825,162.835
2013-01-15,BARC.L,10:37:55.200,240.94,707260,C,240.935,240.945
2013-01-15,VODl.BS,10:37:55.200,159.067,458960,B,159.062,159.072
2013-01-15,BARCl.BS,10:38:24.000,241.079,217770,A,241.074,241.084
2013-01-15,VODl.BS,10:38:24.000,163.025,702530,AUC,163.02,163.03
2013-01-15,BARC.L,10:38:52.800,243.166,268270,C,243.161,243.171
2013-01-15,VODl.TQ,10:38:52.800,159.891,992090,Auc,159.886,159.896
2013-01-15,BARC.L,10:39:21.600,242.322,882690,B,242.317,242.327
2013-01-15,VODl.BS,10:39:21.600,161.116,480270,DARK,161.111,161.121
2013-01-15,BARCl.BS,10:39:50.400,240.944,601200,DARK,240.939,240.949
2013-01-15,VODl.CHI,10:39:50.400,158.999,98720,b,158.994,159.004
2013-01-15,BARC.L,10:40:19.200,247.058,679520,Auc,247.053,247.063
2013-01-15,VOD.L,10:40:19.200,162.321,410950,m,162.316,162.326
2013-01-15,BARCl.BS,10:40:48.000,245.181,318310,x,245.176,245.186
2013-01-15,VODl.BS,10:40:48.000,159.589,78790,AUC,159.584,159.594
2013-01-15,BARC.TQ,10:41:16.800,240.956,553250,DARKTRADE,240.951,240.961
2013-01-15,VODl.BS,10:41:16.800,160.309,133830,x,160.304,160.314
2013-01-15,BARCl.BS,10:41:45.600,245.328,392220,c,245.323,245.333
2013-01-15,VODl.TQ,10:41:45.600,162.657,513640,A,162.652,162.662
2013-01-15,BARC.TQ,10:42:14.400,247.083,574030,Auc,247.078,247.088
2013-01-15,VODl.TQ,10:42:14.400,162.448,393230,m,162.443,162.453
2013-01-15,BARC.L,10:42:43.200,242.807,897320,DARKTRADE,242.802,242.812
2013-01-15,VODl.CHI,10:42:43.200,162.969,393070,DRK,162.964,162.974
2013-01-15,BARCl.BS,10:43:12.000,240.943,165970,DARK,240.938,240.948
2013-01-15,VODl.CHI,10:43:12.000,160.695,101440,c,160.69,160.7
2013-01-15,BARC.TQ,10:43:40.800,245.688,485800,A,245.683,245.693
2013-01-15,VODl.TQ,10:43:40.800,159.359,195000,C,159.354,159.364
2013-01-15,BARCl.BS,10:44:09.600,241.64,154860,c,241.635,241.645
2013-01-15,VOD.L,10:44:09.600,163.028,233300,DARKTRADE,163.023,163.033
2013-01-15,BARC.L,10:44:38.400,242.983,627330,A,242.978,242.988
2013-01-15,VOD.L,10:44:38.400,159.912,612220,Auc,159.907,159.917
2013-01-15,BARC.TQ,10:45:07.200,245.802,199150,Auc,245.797,245.807
2013-01-15,VODl.CHI,10:45:07.200,159.125,145670,auc,159.12,159.13
2013-01-15,BARCl.CHI,10:45:36.000,247.083,53100,x,247.078,247.088
2013-01-15,VODl.BS,10:45:36.000,161.976,788150,B,161.971,161.981
2013-01-15,BARC.TQ,10:46:04.800,241.68,339820,DARKTRADE,241.675,241.685
2013-01-15,VODl.BS,10:46:04.800,159.432,162090,B,159.427,159.437
2013-01-15,BARCl.BS,10:46:33.600,247.073,955060,AUC,247.068,247.078
2013-01-15,VOD.L,10:46:33.600,162.997,649110,B,162.992,163.002
2013-01-15,BARCl.CHI,10:47:02.400,245.677,503590,c,245.672,245.682
2013-01-15,VODl.CHI,10:47:02.400,160.059,266430,b,160.054,160.064
2013-01-15,BARC.L,10:47:31.200,246.827,993510,A,246.822,246.832
2013-01-15,VODl.BS,10:47:31.200,159.074,539730,A,159.069,159.079
2013-01-15,BARCl.BS,10:48:00.000,243.296,495990,A,243.291,243.301
2013-01-15,VOD.L,10:48:00.000,161.079,917010,m,161.074,161.084
2013-01-15,BARC.L,10:48:28.800,243.051,598950,B,243.046,243.056
2013-01-15,VODl.CHI,10:48:28.800,162.797,431280,DRK,162.792,162.802
2013-01-15,BARC.TQ,10:48:57.600,247.027,665940,DARKTRADE,247.022,247.032
2013-01-15,VOD.L,10:48:57.600,160.748,372660,Auc,160.743,160.753
2013-01-15,BARCl.BS,10:49:26.400,245.955,540570,AUC,245.95,245.96
2013-01-15,VOD.L,10:49:26.400,160.968,157550,DARKTRADE,160.963,160.973
2013-01-15,BARC.L,10:49:55.200,246.8,132980,B,246.795,246.805
2013-01-15,VOD.L,10:49:55.200,159.187,919440,A,159.182,159.192
2013-01-15,BARC.L,10:50:24.000,240.946,413750,DARKTRADE,240.941,240.951
2013-01-15,VODl.CHI,10:50:24.000,161.39,157190,DRK,161.385,161.395
2013-01-15,BARC.TQ,10:50:52.800,244.166,25480,DARKTRADE,244.161,244.171
2013-01-15,VOD.L,10:50:52.800,162.734,958770,DARKTRADE,162.729,162.739
2013-01-15,BARC.TQ,10:51:21.600,246.789,657000,A,246.784,246.794
2013-01-15,VOD.L,10:51:21.600,162.13,963650,Auc,162.125,162.135
2013-01-15,BARC.L,10:51:50.400,245.093,691160,B,245.088,245.098
2013-01-15,VODl.CHI,10:51:50.400,162.705,370210,c,162.7,162.71
2013-01-15,BARC.L,10:52:19.200,247.074,836930,C,247.069,247.079
2013-01-15,VODl.TQ,10:52:19.200,163.021,819550,X,163.016,163.026
2013-01-15,BARC.L,10:52:48.000,242.472,999190,X,242.467,242.477
2013-01-15,VODl.TQ,10:52:48.000,159.621,957730,m,159.616,159.626
2013-01-15,BARC.TQ,10:53:16.800,244.305,548250,Auc,244.3,244.31
2013-01-15,VODl.CHI,10:53:16.800,159.687,688830,auc,159.682,159.692
2013-01-15,BARC.TQ,10:53:45.600,240.936,838910,Auc,240.931,240.941
2013-01-15,VODl.CHI,10:53:45.600,162.888,267210,x,162.883,162.893
2013-01-15,BARC.TQ,10:54:14.400,241.313,102830,B,241.308,241.318
2013-01-15,VOD.L,10:54:14.400,158.978,757510,B,158.973,158.983
2013-01-15,BARC.L,10:54:43.200,246.425,313270,Auc,246.42,246.43
2013-01-15,VODl.CHI,10:54:43.200,162.382,488590,auc,162.377,162.387
2013-01-15,BARC.TQ,10:55:12.000,246.591,170800,B,246.586,246.596
2013-01-15,VODl.TQ,10:55:12.000,161.383,168910,A,161.378,161.388
2013-01-15,BARC.TQ,10:55:40.800,244.909,847640,m,244.904,244.914
2013-01-15,VODl.BS,10:55:40.800,162.888,922550,c,162.883,162.893
2013-01-15,BARC.L,10:56:09.600,245.754,130750,DARKTRADE,245.749,245.759
2013-01-15,VODl.TQ,10:56:09.600,159.022,434710,A,159.017,159.027
2013-01-15,BARCl.BS,10:56:38.400,243.188,810410,A,243.183,243.193
2013-01-15,VODl.TQ,10:56:38.400,163.026,510340,Auc,163.021,163.031
2013-01-15,BARCl.BS,10:57:07.200,244.148,413030,B,244.143,244.153
2013-01-15,VODl.TQ,10:57:07.200,159.158,713630,DARKTRADE,159.153,159.163
2013-01-15,BARC.L,10:57:36.000,241.439,178740,C,241.434,241.444
2013-01-15,VODl.CHI,10:57:36.000,161.378,787360,DRK,161.373,161.383
2013-01-15,BARCl.CHI,10:58:04.800,245.533,271200,b,245.528,245.538
2013-01-15,VODl.BS,10:58:04.800,162.625,9320,B,162.62,162.63
2013-01-15,BARCl.BS,10:58:33.600,243.049,668480,DARK,243.044,243.054
2013-01-15,VOD.L,10:58:33.600,161.756,802660,C,161.751,161.761
2013-01-15,BARCl.BS,10:59:02.400,243.535,581040,c,243.53,243.54
2013-01-15,VODl.CHI,10:59:02.400,162.829,885250,a,162.824,162.834
2013-01-15,BARCl.BS,10:59:31.200,240.936,92540,c,240.931,240.941
2013-01-15,VODl.BS,10:59:31.200,162.282,861780,A,162.277,162.287
2013-01-15,BARCl.BS,11:00:00.000,246.297,612380,DARK,246.292,246.302
2013-01-15,VODl.CHI,11:00:00.000,158.996,392370,x,158.991,159.001
2013-01-15,BARC.L,11:00:28.800,243.544,916880,m,243.539,243.549
2013-01-15,VODl.CHI,11:00:28.800,158.978,607010,c,158.973,158.983
2013-01-15,BARC.L,11:00:57.600,243.516,77700,B,243.511,243.521
2013-01-15,VODl.BS,11:00:57.600,158.99,781200,AUC,158.985,158.995
2013-01-15,BARC.TQ,11:01:26.400,245.242,133590,DARKTRADE,245.237,245.247
2013-01-15,VODl.TQ,11:01:26.400,160.056,39680,DARKTRADE,160.051,160.061
2013-01-15,BARCl.CHI,11:01:55.200,246.9,780860,b,246.895,246.905
2013-01-15,VODl.TQ,11:01:55.200,159.867,876340,B,159.862,159.872
2013-01-15,BARC.TQ,11:02:24.000,241.238,666130,A,241.233,241.243
2013-01-15,VODl.TQ,11:02:24.000,159.931,361500,B,159.926,159.936
2013-01-15,BARC.TQ,11:02:52.800,245.702,563270,DARKTRADE,245.697,245.707
2013-01-15,VODl.TQ,11:02:52.800,159.063,646610,B,159.058,159.068
2013-01-15,BARCl.BS,11:03:21.600,246.361,782380,B,246.356,246.366
2013-01-15,VODl.TQ,11:03:21.600,163.015,541040,B,163.01,163.02
2013-01-15,BARCl.BS,11:03:50.400,241.026,994240,c,241.021,241.031
2013-01-15,VODl.BS,11:03:50.400,159.549,903350,AUC,159.544,159.554
2013-01-15,BARC.L,11:04:19.200,246.827,565480,B,246.822,246.832
2013-01-15,VOD.L,11:04:19.200,162.041,311640,DARKTRADE,162.036,162.046
2013-01-15,BARCl.BS,11:04:48.000,241.659,336910,AUC,241.654,241.664
2013-01-15,VODl.CHI,11:04:48.000,159.969,361870,DRK,159.964,159.974
2013-01-15,BARC.L,11:05:16.800,245.35,160210,A,245.345,245.355
2013-01-15,VODl.TQ,11:05:16.800,159.331,122550,B,159.326,159.336
2013-01-15,BARCl.BS,11:05:45.600,246.004,330370,DARK,245.999,246.009
2013-01-15,VODl.BS,11:05:45.600,160.762,57630,AUC,160.757,160.767
2013-01-15,BARC.TQ,11:06:14.400,246.481,622720,X,246.476,246.486
2013-01-15,VODl.CHI,11:06:14.400,162.366,371340,x,162.361,162.371
2013-01-15,BARC.TQ,11:06:43.200,246.198,428650,C,246.193,246.203
2013-01-15,VODl.CHI,11:06:43.200,160.482,921900,c,160.477,160.487
2013-01-15,BARCl.BS,11:07:12.000,245.88,317750,B,245.875,245.885
2013-01-15,VOD.L,11:07:12.000,160.158,586790,X,160.153,160.163
2013-01-15,BARC.TQ,11:07:40.800,246.995,291010,X,246.99,247
2013-01-15,VODl.TQ,11:07:40.800,159.845,511440,C,159.84,159.85
2013-01-15,BARCl.CHI,11:08:09.600,245.294,464400,x,245.289,245.299
2013-01-15,VODl.BS,11:08:09.600,162.577,239240,c,162.572,162.582
2013-01-15,BARC.TQ,11:08:38.400,241.247,256270,C,241.242,241.252
2013-01-15,VODl.TQ,11:08:38.400,161.011,89910,m,161.006,161.016
2013-01-15,BARC.L,11:09:07.200,245.499,825420,DARKTRADE,245.494,245.504
2013-01-15,VODl.BS,11:09:07.200,158.978,61650,AUC,158.973,158.983
2013-01-15,BARCl.CHI,11:09:36.000,244.211,703670,x,244.206,244.216
2013-01-15,VODl.BS,11:09:36.000,159.022,930270,c,159.017,159.027
2013-01-15,BARC.L,11:10:04.800,246.876,619350,DARKTRADE,246.871,246.881
2013-01-15,VOD.L,11:10:04.800,161.346,428930,m,161.341,161.351
2013-01-15,BARC.L,11:10:33.600,243.149,685620,m,243.144,243.154
2013-01-15,VODl.CHI,11:10:33.600,162.935,19340,a,162.93,162.94
2013-01-15,BARC.TQ,11:11:02.400,247.075,251530,A,247.07,247.08
2013-01-15,VODl.TQ,11:11:02.400,162.19,897010,m,162.185,162.195
2013-01-15,BARCl.BS,11:11:31.200,242.416,321430,x,242.411,242.421
2013-01-15,VOD.L,11:11:31.200,162.195,80990,A,162.19,162.2
2013-01-15,BARCl.CHI,11:12:00.000,245.609,291000,a,245.604,245.614
2013-01-15,VODl.BS,11:12:00.000,159.113,365730,B,159.108,159.118
2013-01-15,BARCl.BS,11:12:28.800,243.86,394160,AUC,243.855,243.865
2013-01-15,VODl.BS,11:12:28.800,160.892,726400,c,160.887,160.897
2013-01-15,BARC.L,11:12:57.600,241.021,76550,DARKTRADE,241.016,241.026
2013-01-15,VODl.BS,11:12:57.600,161.791,213090,AUC,161.786,161.796
2013-01-15,BARCl.CHI,11:13:26.400,245.372,190300,auc,245.367,245.377
2013-01-15,VODl.BS,11:13:26.400,160.197,549050,x,160.192,160.202
2013-01-15,BARC.TQ,11:13:55.200,240.953,496900,X,240.948,240.958
2013-01-15,VODl.BS,11:13:55.200,159.163,189000,DARK,159.158,159.168
2013-01-15,BARCl.BS,11:14:24.000,243.687,669590,x,243.682,243.692
2013-01-15,VODl.TQ,11:14:24.000,162.985,177040,B,162.98,162.99
2013-01-15,BARC.L,11:14:52.800,246.756,30720,Auc,246.751,246.761
2013-01-15,VODl.CHI,11:14:52.800,160.264,160080,b,160.259,160.269
2013-01-15,BARCl.CHI,11:15:21.600,241.254,264910,DRK,241.249,241.259
2013-01-15,VOD.L,11:15:21.600,162.141,609050,C,162.136,162.146
2013-01-15,BARCl.CHI,11:15:50.400,246.318,116710,b,246.313,246.323
2013-01-15,VODl.BS,11:15:50.400,162.98,81880,DARK,162.975,162.985
2013-01-15,BARC.TQ,11:16:19.200,241.932,423960,Auc,241.927,241.937
2013-01-15,VODl.BS,11:16:19.200,160.661,758000,A,160.656,160.666
2013-01-15,BARCl.BS,11:16:48.000,246.231,955570,c,246.226,246.236
2013-01-15,VOD.L,11:16:48.000,161.296,82650,X,161.291,161.301
2013-01-15,BARC.TQ,11:17:16.800,244.863,602080,DARKTRADE,244.858,244.868
2013-01-15,VODl.BS,11:17:16.800,159.009,716350,AUC,159.004,159.014
2013-01-15,BARC.L,11:17:45.600,246.323,539190,B,246.318,246.328
2013-01-15,VODl.BS,11:17:45.600,158.997,770060,DARK,158.992,159.002
2013-01-15,BARCl.CHI,11:18:14.400,247.065,359120,DRK,247.06,247.07
2013-01-15,VODl.TQ,11:18:14.400,159.268,888110,Auc,159.263,159.273
2013-01-15,BARC.TQ,11:18:43.200,240.989,394280,Auc,240.984,240.994
2013-01-15,VODl.CHI,11:18:43.200,159.147,963440,a,159.142,159.152
2013-01-15,BARCl.CHI,11:19:12.000,241.056,253670,DRK,241.051,241.061
2013-01-15,VODl.TQ,11:19:12.000,162.679,676450,A,162.674,162.684
2013-01-15,BARC.L,11:19:40.800,241.351,930530,X,241.346,241.356
2013-01-15,VODl.TQ,11:19:40.800,159.102,322630,DARKTRADE,159.097,159.107
2013-01-15,BARC.TQ,11:20:09.600,246.056,403730,C,246.051,246.061
2013-01-15,VOD.L,11:20:09.600,161.203,200830,DARKTRADE,161.198,161.208
2013-01-15,BARC.TQ,11:20:38.400,246.875,10650,C,246.87,246.88
2013-01-15,VODl.TQ,11:20:38.400,162.92,62850,DARKTRADE,162.915,162.925
2013-01-15,BARCl.BS,11:21:07.200,243.378,290440,AUC,243.373,243.383
2013-01-15,VODl.BS,11:21:07.200,161.46,859160,B,161.455,161.465
2013-01-15,BARC.L,11:21:36.000,243.548,891070,B,243.543,243.553
2013-01-15,VODl.BS,11:21:36.000,162.197,367340,DARK,162.192,162.202
2013-01-15,BARC.TQ,11:22:04.800,243.393,714490,m,243.388,243.398
2013-01-15,VODl.TQ,11:22:04.800,159.032,904290,X,159.027,159.037
2013-01-15,BARCl.CHI,11:22:33.600,246.901,755460,a,246.896,246.906
2013-01-15,VODl.CHI,11:22:33.600,160.425,799930,a,160.42,160.43
2013-01-15,BARC.TQ,11:23:02.400,246.607,231600,m,246.602,246.612
2013-01-15,VODl.BS,11:23:02.400,160.088,304820,B,160.083,160.093
2013-01-15,BARC.TQ,11:23:31.200,246.015,82530,A,246.01,246.02
2013-01-15,VODl.TQ,11:23:31.200,159.33,892270,Auc,159.325,159.335
2013-01-15,BARCl.BS,11:24:00.000,245.747,557850,x,245.742,245.752
2013-01-15,VOD.L,11:24:00.000,162.714,691560,A,162.709,162.719
2013-01-15,BARCl.CHI,11:24:28.800,247.001,552100,a,246.996,247.006
2013-01-15,VOD.L,11:24:28.800,162.952,237230,Auc,162.947,162.957
2013-01-15,BARC.TQ,11:24:57.600,244.856,729530,m,244.851,244.861
2013-01-15,VODl.BS,11:24:57.600,160.122,479540,AUC,160.117,160.127
2013-01-15,BARCl.BS,11:25:26.400,240.936,898680,AUC,240.931,240.941
2013-01-15,VODl.TQ,11:25:26.400,160.196,693950,m,160.191,160.201
2013-01-15,BARC.TQ,11:25:55.200,247.04,664850,X,247.035,247.045
2013-01-15,VODl.CHI,11:25:55.200,162.593,725470,auc,162.588,162.598
2013-01-15,BARCl.BS,11:26:24.000,244.125,371620,x,244.12,244.13
2013-01-15,VODl.CHI,11:26:24.000,160.822,711090,DRK,160.817,160.827
2013-01-15,BARC.L,11:26:52.800,245.289,730530,B,245.284,245.294
2013-01-15,VOD.L,11:26:52.800,160.358,831220,m,160.353,160.363
2013-01-15,BARCl.CHI,11:27:21.600,241.314,851840,a,241.309,241.319
2013-01-15,VODl.BS,11:27:21.600,160.497,921050,A,160.492,160.502
2013-01-15,BARCl.BS,11:27:50.400,242.369,195080,DARK,242.364,242.374
2013-01-15,VODl.BS,11:27:50.400,162.643,961740,DARK,162.638,162.648
2013-01-15,BARC.TQ,11:28:19.200,245.294,145950,Auc,245.289,245.299
2013-01-15,VODl.TQ,11:28:19.200,159.181,58570,C,159.176,159.186
2013-01-15,BARC.TQ,11:28:48.000,241.52,470700,DARKTRADE,241.515,241.525
2013-01-15,VOD.L,11:28:48.000,161.839,525270,m,161.834,161.844
2013-01-15,BARCl.BS,11:29:16.800,242.234,146000,A,242.229,242.239
2013-01-15,VOD.L,11:29:16.800,160.366,465540,Auc,160.361,160.371
2013-01-15,BARC.L,11:29:45.600,241.669,135680,B,241.664,241.674
2013-01-15,VODl.TQ,11:29:45.600,159.755,677510,B,159.75,159.76
2013-01-15,BARCl.CHI,11:30:14.400,241.55,408740,a,241.545,241.555
2013-01-15,VODl.BS,11:30:14.400,158.978,381840,AUC,158.973,158.983
2013-01-15,BARC.L,11:30:43.200,246.9,285900,C,246.895,246.905
2013-01-15,VODl.CHI,11:30:43.200,162.945,693670,auc,162.94,162.95
2013-01-15,BARCl.CHI,11:31:12.000,241.168,606200,x,241.163,241.173
2013-01-15,VODl.CHI,11:31:12.000,162.963,897100,b,162.958,162.968
2013-01-15,BARCl.BS,11:31:40.800,241.789,725050,A,241.784,241.794
2013-01-15,VODl.BS,11:31:40.800,162.769,841430,x,162.764,162.774
2013-01-15,BARC.L,11:32:09.600,241.412,233510,DARKTRADE,241.407,241.417
2013-01-15,VODl.BS,11:32:09.600,162.804,743080,x,162.799,162.809
2013-01-15,BARC.TQ,11:32:38.400,241.823,375460,B,241.818,241.828
2013-01-15,VODl.CHI,11:32:38.400,160.901,989060,c,160.896,160.906
2013-01-15,BARC.L,11:33:07.200,242.099,271810,Auc,242.094,242.104
2013-01-15,VODl.TQ,11:33:07.200,159.424,249690,m,159.419,159.429
2013-01-15,BARC.L,11:33:36.000,245.501,716670,X,245.496,245.506
2013-01-15,VODl.BS,11:33:36.000,158.994,708130,AUC,158.989,158.999
2013-01-15,BARC.L,11:34:04.800,244.784,49850,B,244.779,244.789
2013-01-15,VOD.L,11:34:04.800,161.112,967300,B,161.107,161.117
2013-01-15,BARC.TQ,11:34:33.600,246.661,784360,B,246.656,246.666
2013-01-15,VODl.TQ,11:34:33.600,161.55,589510,C,161.545,161.555
2013-01-15,BARC.L,11:35:02.400,246.772,73210,B,246.767,246.777
2013-01-15,VOD.L,11:35:02.400,159.436,747560,B,159.431,159.441
2013-01-15,BARCl.BS,11:35:31.200,241.798,541830,AUC,241.793,241.803
2013-01-15,VODl.BS,11:35:31.200,162.95,821320,A,162.945,162.955
2013-01-15,BARCl.BS,11:36:00.000,241.282,547940,x,241.277,241.287
2013-01-15,VODl.BS,11:36:00.000,159.496,256880,AUC,159.491,159.501
2013-01-15,BARC.TQ,11:36:28.800,244.344,556170,B,244.339,244.349
2013-01-15,VODl.CHI,11:36:28.800,159.516,320780,c,159.511,159.521
2013-01-15,BARCl.CHI,11:36:57.600,246.495,586490,a,246.49,246.5
2013-01-15,VODl.TQ,11:36:57.600,160.971,388950,DARKTRADE,160.966,160.976
2013-01-15,BARC.L,11:37:26.400,240.994,551320,Auc,240.989,240.999
2013-01-15,VODl.BS,11:37:26.400,160.037,322180,c,160.032,160.042
2013-01-15,BARCl.BS,11:37:55.200,247.057,418040,A,247.052,247.062
2013-01-15,VOD.L,11:37:55.200,162.979,788460,Auc,162.974,162.984
2013-01-15,BARCl.BS,11:38:24.000,240.936,27900,B,240.931,240.941
2013-01-15,VODl.BS,11:38:24.000,160.851,531430,B,160.846,160.856
2013-01-15,BARCl.BS,11:38:52.800,241.359,964420,c,241.354,241.364
2013-01-15,VODl.TQ,11:38:52.800,161.086,911220,A,161.081,161.091
2013-01-15,BARC.TQ,11:39:21.600,241.907,391980,DARKTRADE,241.902,241.912
2013-01-15,VODl.TQ,11:39:21.600,162.77,754430,B,162.765,162.775
2013-01-15,BARCl.BS,11:39:50.400,247.079,119120,x,247.074,247.084
2013-01-15,VODl.CHI,11:39:50.400,158.986,793750,b,158.981,158.991
2013-01-15,BARCl.CHI,11:40:19.200,247.038,852870,b,247.033,247.043
2013-01-15,VOD.L,11:40:19.200,161.81,679210,X,161.805,161.815
2013-01-15,BARC.L,11:40:48.000,242.651,12700,B,242.646,242.656
2013-01-15,VODl.TQ,11:40:48.000,159.081,732570,Auc,159.076,159.086
2013-01-15,BARC.TQ,11:41:16.800,244.112,588970,C,244.107,244.117
2013-01-15,VOD.L,11:41:16.800,161.843,423350,X,161.838,161.848
2013-01-15,BARC.L,11:41:45.600,241.789,360120,B,241.784,241.794
2013-01-15,VODl.BS,11:41:45.600,160.286,642350,B,160.281,160.291
2013-01-15,BARCl.BS,11:42:14.400,242.81,156000,B,242.805,242.815
2013-01-15,VODl.TQ,11:42:14.400,159.129,907910,Auc,159.124,159.134
2013-01-15,BARCl.BS,11:42:43.200,245.988,751800,AUC,245.983,245.993
2013-01-15,VODl.CHI,11:42:43.200,162.121,122800,b,162.116,162.126
2013-01-15,BARCl.BS,11:43:12.000,246.747,674120,AUC,246.742,246.752
2013-01-15,VOD.L,11:43:12.000,162.072,304280,Auc,162.067,162.077
2013-01-15,BARC.L,11:43:40.800,241.557,196090,B,241.552,241.562
2013-01-15,VODl.TQ,11:43:40.800,161.874,628370,A,161.869,161.879
2013-01-15,BARCl.BS,11:44:09.600,246.901,511550,x,246.896,246.906
2013-01-15,VOD.L,11:44:09.600,160.8,560320,m,160.795,160.805
2013-01-15,BARC.L,11:44:38.400,242.629,801210,X,242.624,242.634
2013-01-15,VODl.CHI,11:44:38.400,158.978,760930,b,158.973,158.983
2013-01-15,BARCl.BS,11:45:07.200,246.404,68340,AUC,246.399,246.409
2013-01-15,VOD.L,11:45:07.200,161.88,535480,Auc,161.875,161.885
2013-01-15,BARC.L,11:45:36.000,247,704700,m,246.995,247.005
2013-01-15,VODl.CHI,11:45:36.000,161.04,944830,x,161.035,161.045
2013-01-15,BARCl.BS,11:46:04.800,241.097,781330,B,241.092,241.102
2013-01-15,VOD.L,11:46:04.800,161.444,409580,C,161.439,161.449
2013-01-15,BARCl.CHI,11:46:33.600,247.047,747390,c,247.042,247.052
2013-01-15,VODl.CHI,11:46:33.600,159.24,431330,DRK,159.235,159.245
2013-01-15,BARC.TQ,11:47:02.400,244.252,208470,X,244.247,244.257
2013-01-15,VODl.TQ,11:47:02.400,160.28,657930,B,160.275,160.285
2013-01-15,BARC.TQ,11:47:31.200,244.419,690300,X,244.414,244.424
2013-01-15,VODl.TQ,11:47:31.200,161.172,503270,A,161.167,161.177
2013-01-15,BARCl.CHI,11:48:00.000,241.308,274230,c,241.303,241.313
2013-01-15,VOD.L,11:48:00.000,158.986,474780,X,158.981,158.991
2013-01-15,BARC.TQ,11:48:28.800,245.096,757600,A,245.091,245.101
2013-01-15,VODl.TQ,11:48:28.800,161.085,939180,C,161.08,161.09
2013-01-15,BARCl.BS,11:48:57.600,241.039,799800,B,241.034,241.044
2013-01-15,VODl.CHI,11:48:57.600,159.022,551550,DRK,159.017,159.027
2013-01-15,BARCl.CHI,11:49:26.400,242.342,134960,auc,242.337,242.347
2013-01-15,VODl.CHI,11:49:26.400,160.517,605370,c,160.512,160.522
2013-01-15,BARC.L,11:49:55.200,240.981,175930,Auc,240.976,240.986
2013-01-15,VODl.CHI,11:49:55.200,159.323,796120,a,159.318,159.328
2013-01-15,BARCl.BS,11:50:24.000,246.386,802830,x,246.381,246.391
2013-01-15,VODl.BS,11:50:24.000,160.303,224510,c,160.298,160.308
2013-01-15,BARCl.CHI,11:50:52.800,240.936,300320,DRK,240.931,240.941
2013-01-15,VOD.L,11:50:52.800,162.509,268900,C,162.504,162.514
2013-01-15,BARC.L,11:51:21.600,242.269,391220,DARKTRADE,242.264,242.274
2013-01-15,VODl.CHI,11:51:21.600,162.449,428060,a,162.444,162.454
2013-01-15,BARC.TQ,11:51:50.400,246.095,199280,A,246.09,246.1
2013-01-15,VOD.L,11:51:50.400,162.251,741690,B,162.246,162.256
2013-01-15,BARCl.BS,11:52:19.200,242.015,248810,x,242.01,242.02
2013-01-15,VODl.TQ,11:52:19.200,161.896,854370,m,161.891,161.901
2013-01-15,BARCl.BS,11:52:48.000,247.078,604590,AUC,247.073,247.083
2013-01-15,VODl.BS,11:52:48.000,162.641,661310,x,162.636,162.646
2013-01-15,BARCl.BS,11:53:16.800,241.341,435530,x,241.336,241.346
2013-01-15,VODl.CHI,11:53:16.800,163.034,330980,DRK,163.029,163.039
2013-01-15,BARCl.CHI,11:53:45.600,240.936,945090,x,240.931,240.941
2013-01-15,VODl.CHI,11:53:45.600,162.502,419230,auc,162.497,162.507
2013-01-15,BARC.TQ,11:54:14.400,243.573,560100,A,243.568,243.578
2013-01-15,VOD.L,11:54:14.400,159.261,415860,m,159.256,159.266
2013-01-15,BARC.TQ,11:54:43.200,247.034,476690,Auc,247.029,247.039
2013-01-15,VOD.L,11:54:43.200,163.015,73220,A,163.01,163.02
2013-01-15,BARCl.CHI,11:55:12.000,245.849,781640,x,245.844,245.854
2013-01-15,VODl.TQ,11:55:12.000,161.854,145260,Auc,161.849,161.859
2013-01-15,BARCl.CHI,11:55:40.800,245.47,416510,DRK,245.465,245.475
2013-01-15,VODl.BS,11:55:40.800,161.896,469070,A,161.891,161.901
2013-01-15,BARC.L,11:56:09.600,242.474,275030,m,242.469,242.479
2013-01-15,VOD.L,11:56:09.600,163.02,952370,Auc,163.015,163.025
2013-01-15,BARC.L,11:56:38.400,246.42,757430,X,246.415,246.425
2013-01-15,VODl.TQ,11:56:38.400,162.064,537310,DARKTRADE,162.059,162.069
2013-01-15,BARCl.BS,11:57:07.200,242.396,361460,A,242.391,242.401
2013-01-15,VODl.CHI,11:57:07.200,160.325,675090,a,160.32,160.33
2013-01-15,BARCl.CHI,11:57:36.000,241.952,262950,c,241.947,241.957
2013-01-15,VODl.CHI,11:57:36.000,159.986,731430,a,159.981,159.991
2013-01-15,BARC.L,11:58:04.800,244.302,240950,m,244.297,244.307
2013-01-15,VODl.CHI,11:58:04.800,163.034,218380,x,163.029,163.039
2013-01-15,BARCl.CHI,11:58:33.600,244.748,655100,auc,244.743,244.753
2013-01-15,VODl.TQ,11:58:33.600,163.026,666970,X,163.021,163.031
2013-01-15,BARCl.BS,11:59:02.400,244.929,629050,AUC,244.924,244.934
2013-01-15,VODl.TQ,11:59:02.400,160.519,761740,B,160.514,160.524
2013-01-15,BARC.TQ,11:59:31.200,244.142,425200,Auc,244.137,244.147
2013-01-15,VOD.L,11:59:31.200,159.694,510170,DARKTRADE,159.689,159.699
2013-01-15,BARCl.CHI,12:00:00.000,240.948,478690,b,240.943,240.953
2013-01-15,VODl.BS,12:00:00.000,162.797,983930,A,162.792,162.802
2013-01-15,BARC.L,12:00:28.800,246.908,518860,X,246.903,246.913
2013-01-15,VODl.TQ,12:00:28.800,163.034,431480,m,163.029,163.039
2013-01-15,BARC.TQ,12:00:57.600,243.306,731470,A,243.301,243.311
2013-01-15,VODl.CHI,12:00:57.600,162.085,58880,a,162.08,162.09
2013-01-15,BARC.TQ,12:01:26.400,247.053,420110,A,247.048,247.058
2013-01-15,VODl.CHI,12:01:26.400,163.027,241390,b,163.022,163.032
2013-01-15,BARC.TQ,12:01:55.200,242.017,64500,X,242.012,242.022
2013-01-15,VODl.CHI,12:01:55.200,161.16,654730,auc,161.155,161.165
2013-01-15,BARCl.CHI,12:02:24.000,244.806,483020,c,244.801,244.811
2013-01-15,VODl.BS,12:02:24.000,162.879,522770,B,162.874,162.884
2013-01-15,BARC.TQ,12:02:52.800,247.079,371950,X,247.074,247.084
2013-01-15,VODl.TQ,12:02:52.800,163.032,380940,A,163.027,163.037
2013-01-15,BARCl.CHI,12:03:21.600,244.711,730260,a,244.706,244.716
2013-01-15,VOD.L,12:03:21.600,161.945,31900,A,161.94,161.95
2013-01-15,BARC.L,12:03:50.400,243.966,882000,C,243.961,243.971
2013-01-15,VODl.BS,12:03:50.400,161.984,864630,AUC,161.979,161.989
2013-01-15,BARC.TQ,12:04:19.200,241.853,579930,A,241.848,241.858
2013-01-15,VODl.CHI,12:04:19.200,159.274,269240,a,159.269,159.279
2013-01-15,BARC.L,12:04:48.000,245.979,883520,B,245.974,245.984
2013-01-15,VODl.BS,12:04:48.000,163.024,39110,c,163.019,163.029
2013-01-15,BARC.TQ,12:05:16.800,244.155,553520,Auc,244.15,244.16
2013-01-15,VOD.L,12:05:16.800,162.023,197310,m,162.018,162.028
2013-01-15,BARC.TQ,12:05:45.600,243.411,464660,C,243.406,243.416
2013-01-15,VOD.L,12:05:45.600,162.241,194900,m,162.236,162.246
2013-01-15,BARCl.BS,12:06:14.400,243.113,240200,x,243.108,243.118
2013-01-15,VODl.CHI,12:06:14.400,159.339,112110,c,159.334,159.344
2013-01-15,BARCl.CHI,12:06:43.200,242.204,330950,auc,242.199,242.209
2013-01-15,VODl.TQ,12:06:43.200,163.03,180090,DARKTRADE,163.025,163.035
2013-01-15,BARC.L,12:07:12.000,246.857,158890,A,246.852,246.862
2013-01-15,VODl.CHI,12:07:12.000,160.408,895590,x,160.403,160.413
2013-01-15,BARC.TQ,12:07:40.800,246.162,193460,A,246.157,246.167
2013-01-15,VODl.TQ,12:07:40.800,163.021,779540,DARKTRADE,163.016,163.026
2013-01-15,BARCl.CHI,12:08:09.600,244.472,293130,a,244.467,244.477
2013-01-15,VODl.BS,12:08:09.600,159.169,528380,DARK,159.164,159.174
2013-01-15,BARC.TQ,12:08:38.400,246.442,145390,C,246.437,246.447
2013-01-15,VODl.TQ,12:08:38.400,161.64,945140,m,161.635,161.645
2013-01-15,BARCl.BS,12:09:07.200,246.193,903390,AUC,246.188,246.198
2013-01-15,VODl.BS,12:09:07.200,159.366,174880,AUC,159.361,159.371
2013-01-15,BARCl.BS,12:09:36.000,246.044,267610,B,246.039,246.049
2013-01-15,VODl.BS,12:09:36.000,163.011,225510,AUC,163.006,163.016
2013-01-15,BARCl.CHI,12:10:04.800,247.007,807480,a,247.002,247.012
2013-01-15,VODl.TQ,12:10:04.800,159.027,583550,Auc,159.022,159.032
2013-01-15,BARCl.BS,12:10:33.600,247.079,139420,DARK,247.074,247.084
2013-01-15,VODl.BS,12:10:33.600,159.281,507210,x,159.276,159.286
2013-01-15,BARC.L,12:11:02.400,247.075,228340,DARKTRADE,247.07,247.08
2013-01-15,VODl.TQ,12:11:02.400,162.276,120110,m,162.271,162.281
2013-01-15,BARC.L,12:11:31.200,242.889,395730,Auc,242.884,242.894
2013-01-15,VODl.TQ,12:11:31.200,159.063,742030,B,159.058,159.068
2013-01-15,BARCl.CHI,12:12:00.000,246.812,94870,x,246.807,246.817
2013-01-15,VODl.BS,12:12:00.000,159.285,336190,DARK,159.28,159.29
2013-01-15,BARCl.CHI,12:12:28.800,241.019,9570,DRK,241.014,241.024
2013-01-15,VODl.CHI,12:12:28.800,161.054,119850,b,161.049,161.059
2013-01-15,BARC.TQ,12:12:57.600,242.872,53000,A,242.867,242.877
2013-01-15,VOD.L,12:12:57.600,161.362,648920,DARKTRADE,161.357,161.367
2013-01-15,BARC.TQ,12:13:26.400,241.03,453830,A,241.025,241.035
2013-01-15,VODl.CHI,12:13:26.400,162.561,766990,x,162.556,162.566
2013-01-15,BARCl.BS,12:13:55.200,243.868,547510,A,243.863,243.873
2013-01-15,VODl.CHI,12:13:55.200,160.682,184470,a,160.677,160.687
2013-01-15,BARCl.BS,12:14:24.000,242.675,960,A,242.67,242.68
2013-01-15,VODl.CHI,12:14:24.000,159.227,460790,auc,159.222,159.232
2013-01-15,BARCl.CHI,12:14:52.800,247.033,391020,auc,247.028,247.038
2013-01-15,VODl.TQ,12:14:52.800,161.426,144790,A,161.421,161.431
2013-01-15,BARCl.CHI,12:15:21.600,241,449220,b,240.995,241.005
2013-01-15,VODl.TQ,12:15:21.600,159.278,229200,Auc,159.273,159.283
2013-01-15,BARC.TQ,12:15:50.400,245.545,891070,Auc,245.54,245.55
2013-01-15,VODl.BS,12:15:50.400,161.995,938620,B,161.99,162
2013-01-15,BARCl.CHI,12:16:19.200,241.128,102740,DRK,241.123,241.133
2013-01-15,VODl.CHI,12:16:19.200,159.08,42150,x,159.075,159.085
2013-01-15,BARC.TQ,12:16:48.000,244.274,655730,X,244.269,244.279
2013-01-15,VOD.L,12:16:48.000,162.918,478130,X,162.913,162.923
2013-01-15,BARCl.CHI,12:17:16.800,245.556,275090,a,245.551,245.561
2013-01-15,VODl.TQ,12:17:16.800,159.111,952380,m,159.106,159.116
2013-01-15,BARC.L,12:17:45.600,243.08,375300,A,243.075,243.085
2013-01-15,VODl.BS,12:17:45.600,159.21,64440,A,159.205,159.215
2013-01-15,BARCl.CHI,12:18:14.400,241.561,24670,b,241.556,241.566
2013-01-15,VODl.CHI,12:18:14.400,159.578,669740,b,159.573,159.583
2013-01-15,BARC.TQ,12:18:43.200,240.97,232690,Auc,240.965,240.975
2013-01-15,VODl.BS,12:18:43.200,158.979,645860,x,158.974,158.984
2013-01-15,BARC.L,12:19:12.000,246.021,147270,DARKTRADE,246.016,246.026
2013-01-15,VODl.BS,12:19:12.000,161.027,52900,A,161.022,161.032
2013-01-15,BARC.L,12:19:40.800,245.33,648070,DARKTRADE,245.325,245.335
2013-01-15,VODl.CHI,12:19:40.800,160.3,139310,DRK,160.295,160.305
2013-01-15,BARC.TQ,12:20:09.600,245.62,686790,A,245.615,245.625
2013-01-15,VODl.BS,12:20:09.600,162.821,187170,x,162.816,162.826
2013-01-15,BARC.TQ,12:20:38.400,242.281,970140,B,242.276,242.286
2013-01-15,VODl.BS,12:20:38.400,160.376,547860,B,160.371,160.381
2013-01-15,BARC.TQ,12:21:07.200,242.032,665770,DARKTRADE,242.027,242.037
2013-01-15,VODl.CHI,12:21:07.200,163.014,329480,x,163.009,163.019
2013-01-15,BARCl.BS,12:21:36.000,245.96,725770,AUC,245.955,245.965
2013-01-15,VOD.L,12:21:36.000,159.497,437830,X,159.492,159.502
2013-01-15,BARCl.CHI,12:22:04.800,247.079,609090,DRK,247.074,247.084
2013-01-15,VOD.L,12:22:04.800,161.663,326490,X,161.658,161.668
2013-01-15,BARC.L,12:22:33.600,245.218,915010,m,245.213,245.223
2013-01-15,VODl.CHI,12:22:33.600,159.683,327130,a,159.678,159.688
2013-01-15,BARC.TQ,12:23:02.400,241.717,495130,X,241.712,241.722
2013-01-15,VODl.TQ,12:23:02.400,160.221,20070,C,160.216,160.226
2013-01-15,BARCl.CHI,12:23:31.200,241.094,170670,a,241.089,241.099
2013-01-15,VODl.CHI,12:23:31.200,162.445,901850,a,162.44,162.45
2013-01-15,BARC.TQ,12:24:00.000,241.288,63990,Auc,241.283,241.293
2013-01-15,VODl.BS,12:24:00.000,161.764,693670,B,161.759,161.769
2013-01-15,BARCl.BS,12:24:28.800,242.282,385410,DARK,242.277,242.287
2013-01-15,VODl.TQ,12:24:28.800,159.809,864340,m,159.804,159.814
2013-01-15,BARCl.CHI,12:24:57.600,243.137,530710,DRK,243.132,243.142
2013-01-15,VOD.L,12:24:57.600,160.247,228270,C,160.242,160.252
2013-01-15,BARCl.CHI,12:25:26.400,246.598,946560,b,246.593,246.603
2013-01-15,VODl.TQ,12:25:26.400,159.303,757250,X,159.298,159.308
2013-01-15,BARC.TQ,12:25:55.200,246.677,784540,C,246.672,246.682
2013-01-15,VOD.L,12:25:55.200,162.022,475520,A,162.017,162.027
2013-01-15,BARCl.BS,12:26:24.000,247.001,102700,c,246.996,247.006
2013-01-15,VOD.L,12:26:24.000,160.429,945640,A,160.424,160.434
2013-01-15,BARC.TQ,12:26:52.800,241.468,520280,m,241.463,241.473
2013-01-15,VODl.BS,12:26:52.800,162.549,925080,A,162.544,162.554
2013-01-15,BARC.L,12:27:21.600,242.095,629160,X,242.09,242.1
2013-01-15,VODl.TQ,12:27:21.600,162.31,153940,C,162.305,162.315
2013-01-15,BARC.L,12:27:50.400,241.221,440670,m,241.216,241.226
2013-01-15,VODl.CHI,12:27:50.400,159.35,787360,c,159.345,159.355
2013-01-15,BARC.L,12:28:19.200,243.102,417080,A,243.097,243.107
2013-01-15,VOD.L,12:28:19.200,159.13,362280,Auc,159.125,159.135
2013-01-15,BARCl.CHI,12:28:48.000,243.147,412230,x,243.142,243.152
2013-01-15,VODl.BS,12:28:48.000,159.643,899610,DARK,159.638,159.648
2013-01-15,BARCl.CHI,12:29:16.800,241.671,923990,a,241.666,241.676
2013-01-15,VODl.CHI,12:29:16.800,162.796,444620,DRK,162.791,162.801
2013-01-15,BARC.L,12:29:45.600,246.045,207140,m,246.04,246.05
2013-01-15,VOD.L,12:29:45.600,158.981,626120,A,158.976,158.986
2013-01-15,BARC.TQ,12:30:14.400,240.965,250740,DARKTRADE,240.96,240.97
2013-01-15,VODl.TQ,12:30:14.400,160.005,711550,DARKTRADE,160,160.01
2013-01-15,BARC.TQ,12:30:43.200,247.045,567930,C,247.04,247.05
2013-01-15,VODl.CHI,12:30:43.200,162.848,371490,x,162.843,162.853
2013-01-15,BARCl.CHI,12:31:12.000,242.035,311820,c,242.03,242.04
2013-01-15,VOD.L,12:31:12.000,161.707,197350,DARKTRADE,161.702,161.712
2013-01-15,BARCl.BS,12:31:40.800,246.025,560260,c,246.02,246.03
2013-01-15,VODl.TQ,12:31:40.800,159.607,600600,C,159.602,159.612
2013-01-15,BARCl.CHI,12:32:09.600,242.815,772150,c,242.81,242.82
2013-01-15,VOD.L,12:32:09.600,159.414,733150,DARKTRADE,159.409,159.419
2013-01-15,BARCl.CHI,12:32:38.400,241.722,634360,a,241.717,241.727
2013-01-15,VODl.CHI,12:32:38.400,159.31,536000,a,159.305,159.315
2013-01-15,BARCl.BS,12:33:07.200,241.606,830150,A,241.601,241.611
2013-01-15,VODl.BS,12:33:07.200,162.89,466800,AUC,162.885,162.895
2013-01-15,BARCl.CHI,12:33:36.000,244.361,10870,DRK,244.356,244.366
2013-01-15,VODl.TQ,12:33:36.000,161.512,176650,X,161.507,161.517
2013-01-15,BARCl.BS,12:34:04.800,243.736,410730,DARK,243.731,243.741
2013-01-15,VODl.BS,12:34:04.800,159.798,21490,DARK,159.793,159.803
2013-01-15,BARC.L,12:34:33.600,240.951,26820,A,240.946,240.956
2013-01-15,VODl.TQ,12:34:33.600,158.983,206120,DARKTRADE,158.978,158.988
2013-01-15,BARCl.BS,12:35:02.400,247.082,527850,A,247.077,247.087
2013-01-15,VODl.TQ,12:35:02.400,162.956,828300,A,162.951,162.961
2013-01-15,BARC.TQ,12:35:31.200,242.052,592970,A,242.047,242.057
2013-01-15,VOD.L,12:35:31.200,161.793,16610,A,161.788,161.798
2013-01-15,BARCl.CHI,12:36:00.000,246.912,999980,a,246.907,246.917
2013-01-15,VODl.BS,12:36:00.000,160.28,838700,B,160.275,160.285
2013-01-15,BARC.L,12:36:28.800,243.115,948050,DARKTRADE,243.11,243.12
2013-01-15,VODl.CHI,12:36:28.800,163.034,164270,x,163.029,163.039
2013-01-15,BARCl.BS,12:36:57.600,240.964,75610,DARK,240.959,240.969
2013-01-15,VODl.TQ,12:36:57.600,162.615,383670,A,162.61,162.62
2013-01-15,BARC.L,12:37:26.400,241.608,533030,m,241.603,241.613
2013-01-15,VODl.CHI,12:37:26.400,162.589,51360,b,162.584,162.594
2013-01-15,BARCl.CHI,12:37:55.200,244.281,90360,a,244.276,244.286
2013-01-15,VODl.CHI,12:37:55.200,161.811,527780,b,161.806,161.816
2013-01-15,BARCl.CHI,12:38:24.000,240.989,22880,b,240.984,240.994
2013-01-15,VOD.L,12:38:24.000,158.98,610900,DARKTRADE,158.975,158.985
2013-01-15,BARC.L,12:38:52.800,244.33,298740,B,244.325,244.335
2013-01-15,VODl.TQ,12:38:52.800,158.978,59510,X,158.973,158.983
2013-01-15,BARCl.CHI,12:39:21.600,246.561,752840,DRK,246.556,246.566
2013-01-15,VODl.TQ,12:39:21.600,162.52,601140,DARKTRADE,162.515,162.525
2013-01-15,BARC.TQ,12:39:50.400,246.429,323330,DARKTRADE,246.424,246.434
2013-01-15,VODl.CHI,12:39:50.400,160.801,660850,c,160.796,160.806
2013-01-15,BARC.TQ,12:40:19.200,242.304,369970,DARKTRADE,242.299,242.309
2013-01-15,VOD.L,12:40:19.200,161.1,681110,B,161.095,161.105
2013-01-15,BARC.TQ,12:40:48.000,240.954,435840,X,240.949,240.959
2013-01-15,VODl.BS,12:40:48.000,159.418,817350,x,159.413,159.423
2013-01-15,BARC.L,12:41:16.800,244.065,562410,X,244.06,244.07
2013-01-15,VODl.TQ,12:41:16.800,159.385,785790,C,159.38,159.39
2013-01-15,BARC.L,12:41:45.600,245.01,809140,Auc,245.005,245.015
2013-01-15,VODl.CHI,12:41:45.600,160.543,940330,b,160.538,160.548
2013-01-15,BARC.L,12:42:14.400,242.589,609190,m,242.584,242.594
2013-01-15,VODl.TQ,12:42:14.400,162.911,648460,m,162.906,162.916
2013-01-15,BARC.TQ,12:42:43.200,243.578,634070,m,243.573,243.583
2013-01-15,VODl.CHI,12:42:43.200,160.608,566260,DRK,160.603,160.613
2013-01-15,BARC.L,12:43:12.000,245.596,988270,Auc,245.591,245.601
2013-01-15,VOD.L,12:43:12.000,159.409,630220,m,159.404,159.414
2013-01-15,BARCl.CHI,12:43:40.800,245.135,597670,auc,245.13,245.14
2013-01-15,VODl.CHI,12:43:40.800,161.492,910220,DRK,161.487,161.497
2013-01-15,BARCl.BS,12:44:09.600,246.749,866070,c,246.744,246.754
2013-01-15,VODl.TQ,12:44:09.600,159.501,748680,DARKTRADE,159.496,159.506
2013-01-15,BARCl.BS,12:44:38.400,246.357,326220,DARK,246.352,246.362
2013-01-15,VODl.TQ,12:44:38.400,160.683,797680,B,160.678,160.688
2013-01-15,BARC.TQ,12:45:07.200,247.036,456110,m,247.031,247.041
2013-01-15,VODl.CHI,12:45:07.200,162.797,442310,c,162.792,162.802
2013-01-15,BARCl.CHI,12:45:36.000,246.845,464790,auc,246.84,246.85
2013-01-15,VODl.TQ,12:45:36.000,162.732,442440,DARKTRADE,162.727,162.737
2013-01-15,BARCl.BS,12:46:04.800,241.569,13420,x,241.564,241.574
2013-01-15,VODl.TQ,12:46:04.800,163.03,756030,m,163.025,163.035
2013-01-15,BARCl.CHI,12:46:33.600,243.777,555040,DRK,243.772,243.782
2013-01-15,VODl.BS,12:46:33.600,162.928,111120,B,162.923,162.933
2013-01-15,BARCl.BS,12:47:02.400,246.414,901040,AUC,246.409,246.419
2013-01-15,VODl.CHI,12:47:02.400,160.499,684290,x,160.494,160.504
2013-01-15,BARC.L,12:47:31.200,244.639,520430,m,244.634,244.644
2013-01-15,VODl.TQ,12:47:31.200,162.102,414680,B,162.097,162.107
2013-01-15,BARCl.CHI,12:48:00.000,245.132,854160,DRK,245.127,245.137
2013-01-15,VODl.BS,12:48:00.000,160.652,352900,B,160.647,160.657
2013-01-15,BARCl.CHI,12:48:28.800,240.937,277340,auc,240.932,240.942
2013-01-15,VODl.BS,12:48:28.800,159.745,564770,x,159.74,159.75
2013-01-15,BARC.TQ,12:48:57.600,244.065,952840,DARKTRADE,244.06,244.07
2013-01-15,VODl.TQ,12:48:57.600,161.398,667960,Auc,161.393,161.403
2013-01-15,BARC.TQ,12:49:26.400,246.716,424970,C,246.711,246.721
2013-01-15,VODl.BS,12:49:26.400,161.676,855920,x,161.671,161.681
2013-01-15,BARCl.CHI,12:49:55.200,246.803,179780,auc,246.798,246.808
2013-01-15,VOD.L,12:49:55.200,161.847,98750,C,161.842,161.852
2013-01-15,BARC.TQ,12:50:24.000,246.757,644400,m,246.752,246.762
2013-01-15,VODl.CHI,12:50:24.000,163.025,300040,a,163.02,163.03
2013-01-15,BARCl.CHI,12:50:52.800,240.959,32730,x,240.954,240.964
2013-01-15,VOD.L,12:50:52.800,159.031,580720,Auc,159.026,159.036
2013-01-15,BARC.L,12:51:21.600,246.711,803710,Auc,246.706,246.716
2013-01-15,VODl.BS,12:51:21.600,162.092,50400,DARK,162.087,162.097
2013-01-15,BARC.L,12:51:50.400,246.901,372350,Auc,246.896,246.906
2013-01-15,VODl.TQ,12:51:50.400,159.166,341260,A,159.161,159.171
2013-01-15,BARCl.CHI,12:52:19.200,246.495,761960,auc,246.49,246.5
2013-01-15,VODl.CHI,12:52:19.200,162.267,659920,auc,162.262,162.272
2013-01-15,BARC.TQ,12:52:48.000,242.067,688650,Auc,242.062,242.072
2013-01-15,VODl.TQ,12:52:48.000,162.959,909090,m,162.954,162.964
2013-01-15,BARCl.CHI,12:53:16.800,246.224,250240,c,246.219,246.229
2013-01-15,VODl.TQ,12:53:16.800,159.658,592770,DARKTRADE,159.653,159.663
2013-01-15,BARC.TQ,12:53:45.600,243.035,39860,A,243.03,243.04
2013-01-15,VOD.L,12:53:45.600,162.81,13520,X,162.805,162.815
2013-01-15,BARC.TQ,12:54:14.400,244.699,584890,X,244.694,244.704
2013-01-15,VODl.TQ,12:54:14.400,161.628,164250,X,161.623,161.633
2013-01-15,BARC.L,12:54:43.200,242.456,983260,B,242.451,242.461
2013-01-15,VODl.CHI,12:54:43.200,163.029,305520,x,163.024,163.034
2013-01-15,BARC.L,12:55:12.000,240.936,843840,X,240.931,240.941
2013-01-15,VODl.TQ,12:55:12.000,159.157,934710,m,159.152,159.162
2013-01-15,BARCl.BS,12:55:40.800,241.677,836080,x,241.672,241.682
2013-01-15,VODl.CHI,12:55:40.800,161.463,689040,x,161.458,161.468
2013-01-15,BARC.L,12:56:09.600,244.836,499230,X,244.831,244.841
2013-01-15,VODl.CHI,12:56:09.600,159.147,158890,DRK,159.142,159.152
2013-01-15,BARC.L,12:56:38.400,241.337,655440,m,241.332,241.342
2013-01-15,VOD.L,12:56:38.400,162.145,38210,X,162.14,162.15
2013-01-15,BARC.L,12:57:07.200,246.537,266400,Auc,246.532,246.542
2013-01-15,VOD.L,12:57:07.200,160.381,351000,m,160.376,160.386
2013-01-15,BARC.TQ,12:57:36.000,243.843,146440,X,243.838,243.848
2013-01-15,VODl.TQ,12:57:36.000,163.008,340090,A,163.003,163.013
2013-01-15,BARC.L,12:58:04.800,242.348,878460,A,242.343,242.353
2013-01-15,VOD.L,12:58:04.800,158.991,654000,X,158.986,158.996
2013-01-15,BARCl.BS,12:58:33.600,247.013,642070,DARK,247.008,247.018
2013-01-15,VODl.BS,12:58:33.600,159.412,196900,B,159.407,159.417
2013-01-15,BARC.TQ,12:59:02.400,241.055,109850,B,241.05,241.06
2013-01-15,VODl.BS,12:59:02.400,159.948,810500,B,159.943,159.953
2013-01-15,BARC.L,12:59:31.200,244.397,910590,B,244.392,244.402
2013-01-15,VODl.TQ,12:59:31.200,162.415,85120,A,162.41,162.42
2013-01-15,BARC.L,13:00:00.000,245.991,96570,A,245.986,245.996
2013-01-15,VODl.CHI,13:00:00.000,159.015,626290,x,159.01,159.02
2013-01-15,BARCl.CHI,13:00:28.800,244.788,970740,b,244.783,244.793
2013-01-15,VODl.TQ,13:00:28.800,161.897,396010,m,161.892,161.902
2013-01-15,BARCl.CHI,13:00:57.600,244.005,138200,b,244,244.01
2013-01-15,VOD.L,13:00:57.600,159.752,656650,C,159.747,159.757
2013-01-15,BARC.L,13:01:26.400,245.07,595420,B,245.065,245.075
2013-01-15,VOD.L,13:01:26.400,160.358,68660,DARKTRADE,160.353,160.363
2013-01-15,BARCl.CHI,13:01:55.200,245.621,495870,b,245.616,245.626
2013-01-15,VODl.BS,13:01:55.200,162.137,556610,x,162.132,162.142
2013-01-15,BARC.L,13:02:24.000,246.283,475690,A,246.278,246.288
2013-01-15,VODl.BS,13:02:24.000,162.483,663270,B,162.478,162.488
2013-01-15,BARC.TQ,13:02:52.800,242.282,933150,B,242.277,242.287
2013-01-15,VODl.TQ,13:02:52.800,161.868,975120,B,161.863,161.873
2013-01-15,BARCl.CHI,13:03:21.600,242.074,609210,c,242.069,242.079
2013-01-15,VODl.BS,13:03:21.600,160.939,310650,c,160.934,160.944
2013-01-15,BARCl.BS,13:03:50.400,241.837,372770,AUC,241.832,241.842
2013-01-15,VODl.CHI,13:03:50.400,160.358,256300,auc,160.353,160.363
2013-01-15,BARCl.BS,13:04:19.200,246.196,536940,DARK,246.191,246.201
2013-01-15,VODl.TQ,13:04:19.200,159.114,406280,X,159.109,159.119
2013-01-15,BARCl.BS,13:04:48.000,246.833,747150,x,246.828,246.838
2013-01-15,VODl.TQ,13:04:48.000,160.559,603510,X,160.554,160.564
2013-01-15,BARCl.CHI,13:05:16.800,246.041,836430,c,246.036,246.046
2013-01-15,VODl.CHI,13:05:16.800,160.526,44220,b,160.521,160.531
2013-01-15,BARC.TQ,13:05:45.600,241.318,835290,C,241.313,241.323
2013-01-15,VODl.CHI,13:05:45.600,159.583,713580,auc,159.578,159.588
2013-01-15,BARC.TQ,13:06:14.400,241.818,610,A,241.813,241.823
2013-01-15,VOD.L,13:06:14.400,162.844,181830,Auc,162.839,162.849
2013-01-15,BARC.L,13:06:43.200,246.853,543660,DARKTRADE,246.848,246.858
2013-01-15,VOD.L,13:06:43.200,162.139,88150,DARKTRADE,162.134,162.144
2013-01-15,BARCl.CHI,13:07:12.000,244.732,44640,c,244.727,244.737
2013-01-15,VODl.BS,13:07:12.000,159.558,123380,A,159.553,159.563
2013-01-15,BARC.L,13:07:40.800,247.075,853320,Auc,247.07,247.08
2013-01-15,VODl.CHI,13:07:40.800,161.786,504530,b,161.781,161.791
2013-01-15,BARC.L,13:08:09.600,240.937,99940,A,240.932,240.942
2013-01-15,VODl.BS,13:08:09.600,158.978,905720,AUC,158.973,158.983
2013-01-15,BARC.TQ,13:08:38.400,241.348,11170,X,241.343,241.353
2013-01-15,VODl.CHI,13:08:38.400,158.996,933670,x,158.991,159.001
2013-01-15,BARCl.BS,13:09:07.200,246.88,547290,DARK,246.875,246.885
2013-01-15,VODl.CHI,13:09:07.200,162.945,837310,auc,162.94,162.95
2013-01-15,BARC.TQ,13:09:36.000,240.97,506900,B,240.965,240.975
2013-01-15,VOD.L,13:09:36.000,162.602,342520,B,162.597,162.607
2013-01-15,BARC.TQ,13:10:04.800,245.345,428390,A,245.34,245.35
2013-01-15,VODl.CHI,13:10:04.800,163.034,438450,b,163.029,163.039
2013-01-15,BARCl.CHI,13:10:33.600,241.189,193460,c,241.184,241.194
2013-01-15,VOD.L,13:10:33.600,162.976,250180,Auc,162.971,162.981
2013-01-15,BARCl.BS,13:11:02.400,245.228,961610,AUC,245.223,245.233
2013-01-15,VODl.TQ,13:11:02.400,159.235,357280,A,159.23,159.24
2013-01-15,BARC.TQ,13:11:31.200,246.93,582670,Auc,246.925,246.935
2013-01-15,VODl.TQ,13:11:31.200,161.743,716390,A,161.738,161.748
2013-01-15,BARCl.BS,13:12:00.000,241.067,417790,x,241.062,241.072
2013-01-15,VODl.BS,13:12:00.000,161.825,910130,B,161.82,161.83
2013-01-15,BARC.L,13:12:28.800,240.937,740950,Auc,240.932,240.942
2013-01-15,VODl.TQ,13:12:28.800,160.879,978200,X,160.874,160.884
2013-01-15,BARCl.BS,13:12:57.600,242.735,638750,AUC,242.73,242.74
2013-01-15,VOD.L,13:12:57.600,163.034,768210,A,163.029,163.039
2013-01-15,BARCl.BS,13:13:26.400,247.025,496390,c,247.02,247.03
2013-01-15,VOD.L,13:13:26.400,161.339,428030,Auc,161.334,161.344
2013-01-15,BARC.TQ,13:13:55.200,247.055,646260,C,247.05,247.06
2013-01-15,VODl.CHI,13:13:55.200,161.55,814190,a,161.545,161.555
2013-01-15,BARCl.BS,13:14:24.000,242.416,176330,c,242.411,242.421
2013-01-15,VODl.BS,13:14:24.000,159.19,377240,A,159.185,159.195
2013-01-15,BARC.TQ,13:14:52.800,241.541,864380,A,241.536,241.546
2013-01-15,VODl.CHI,13:14:52.800,162.28,178660,a,162.275,162.285
2013-01-15,BARC.L,13:15:21.600,246.993,577610,m,246.988,246.998
2013-01-15,VODl.CHI,13:15:21.600,161.052,787450,c,161.047,161.057
2013-01-15,BARCl.BS,13:15:50.400,247.051,523230,c,247.046,247.056
2013-01-15,VOD.L,13:15:50.400,159.342,678350,m,159.337,159.347
2013-01-15,BARC.TQ,13:16:19.200,245.21,775440,DARKTRADE,245.205,245.215
2013-01-15,VODl.CHI,13:16:19.200,161.889,979480,x,161.884,161.894
2013-01-15,BARC.L,13:16:48.000,243.155,861790,X,243.15,243.16
2013-01-15,VODl.TQ,13:16:48.000,160.835,151590,Auc,160.83,160.84
2013-01-15,BARC.TQ,13:17:16.800,243.079,50610,DARKTRADE,243.074,243.084
2013-01-15,VODl.CHI,13:17:16.800,159.914,453470,c,159.909,159.919
2013-01-15,BARC.L,13:17:45.600,242.416,177130,B,242.411,242.421
2013-01-15,VODl.TQ,13:17:45.600,159.749,73510,B,159.744,159.754
2013-01-15,BARCl.CHI,13:18:14.400,242.981,682860,x,242.976,242.986
2013-01-15,VODl.BS,13:18:14.400,159.537,132710,c,159.532,159.542
2013-01-15,BARCl.BS,13:18:43.200,247.084,251850,DARK,247.079,247.089
2013-01-15,VOD.L,13:18:43.200,159.176,12990,C,159.171,159.181
2013-01-15,BARCl.BS,13:19:12.000,241.288,837790,A,241.283,241.293
2013-01-15,VODl.BS,13:19:12.000,162.658,157320,x,162.653,162.663
2013-01-15,BARC.TQ,13:19:40.800,247.065,910130,m,247.06,247.07
2013-01-15,VODl.TQ,13:19:40.800,161.774,100030,A,161.769,161.779
2013-01-15,BARCl.CHI,13:20:09.600,244.135,401580,c,244.13,244.14
2013-01-15,VODl.BS,13:20:09.600,161.203,964650,A,161.198,161.208
2013-01-15,BARCl.CHI,13:20:38.400,245.185,86130,a,245.18,245.19
2013-01-15,VODl.TQ,13:20:38.400,162.165,508460,X,162.16,162.17
2013-01-15,BARCl.CHI,13:21:07.200,241.161,563160,auc,241.156,241.166
2013-01-15,VODl.BS,13:21:07.200,159.452,836290,B,159.447,159.457
2013-01-15,BARC.TQ,13:21:36.000,246.848,450530,DARKTRADE,246.843,246.853
2013-01-15,VODl.BS,13:21:36.000,162.96,822810,c,162.955,162.965
2013-01-15,BARC.TQ,13:22:04.800,246.888,270030,m,246.883,246.893
2013-01-15,VODl.CHI,13:22:04.800,160.698,195950,x,160.693,160.703
2013-01-15,BARCl.CHI,13:22:33.600,240.938,600680,b,240.933,240.943
2013-01-15,VODl.BS,13:22:33.600,160.17,653830,B,160.165,160.175
2013-01-15,BARCl.CHI,13:23:02.400,245.115,945260,auc,245.11,245.12
2013-01-15,VODl.CHI,13:23:02.400,162.143,38930,auc,162.138,162.148
2013-01-15,BARCl.BS,13:23:31.200,247.082,388660,B,247.077,247.087
2013-01-15,VODl.CHI,13:23:31.200,162.036,339740,a,162.031,162.041
2013-01-15,BARCl.CHI,13:24:00.000,246.849,646980,x,246.844,246.854
2013-01-15,VOD.L,13:24:00.000,160.624,821890,B,160.619,160.629
2013-01-15,BARC.TQ,13:24:28.800,247.074,53030,B,247.069,247.079
2013-01-15,VODl.CHI,13:24:28.800,162.135,16670,a,162.13,162.14
2013-01-15,BARC.TQ,13:24:57.600,246.857,458940,DARKTRADE,246.852,246.862
2013-01-15,VODl.BS,13:24:57.600,160.16,606220,x,160.155,160.165
2013-01-15,BARCl.BS,13:25:26.400,244.406,121760,B,244.401,244.411
2013-01-15,VODl.TQ,13:25:26.400,162.319,220570,m,162.314,162.324
2013-01-15,BARCl.BS,13:25:55.200,245.268,282210,AUC,245.263,245.273
2013-01-15,VODl.CHI,13:25:55.200,162.092,255620,b,162.087,162.097
2013-01-15,BARCl.CHI,13:26:24.000,246.686,773440,c,246.681,246.691
2013-01-15,VODl.BS,13:26:24.000,161.062,377370,A,161.057,161.067
2013-01-15,BARC.TQ,13:26:52.800,242.115,840390,A,242.11,242.12
2013-01-15,VODl.TQ,13:26:52.800,158.979,648560,m,158.974,158.984
2013-01-15,BARC.TQ,13:27:21.600,241.41,32910,A,241.405,241.415
2013-01-15,VOD.L,13:27:21.600,158.987,255960,C,158.982,158.992
2013-01-15,BARCl.CHI,13:27:50.400,244.102,959110,x,244.097,244.107
2013-01-15,VODl.CHI,13:27:50.400,162.176,277330,c,162.171,162.181
2013-01-15,BARC.TQ,13:28:19.200,242.728,7500,X,242.723,242.733
2013-01-15,VODl.TQ,13:28:19.200,159.491,788540,B,159.486,159.496
2013-01-15,BARC.TQ,13:28:48.000,244.245,734630,DARKTRADE,244.24,244.25
2013-01-15,VODl.TQ,13:28:48.000,160.646,664650,B,160.641,160.651
2013-01-15,BARC.TQ,13:29:16.800,240.942,798700,X,240.937,240.947
2013-01-15,VODl.BS,13:29:16.800,159.17,795140,c,159.165,159.175
2013-01-15,BARCl.CHI,13:29:45.600,246.571,644810,DRK,246.566,246.576
2013-01-15,VOD.L,13:29:45.600,162.855,770870,X,162.85,162.86
2013-01-15,BARCl.BS,13:30:14.400,243.264,193760,x,243.259,243.269
2013-01-15,VOD.L,13:30:14.400,163.01,484040,B,163.005,163.015
2013-01-15,BARCl.CHI,13:30:43.200,241.142,31180,b,241.137,241.147
2013-01-15,VODl.CHI,13:30:43.200,159.062,163110,auc,159.057,159.067
2013-01-15,BARC.TQ,13:31:12.000,241.327,960420,A,241.322,241.332
2013-01-15,VODl.BS,13:31:12.000,160.7,92570,A,160.695,160.705
2013-01-15,BARCl.CHI,13:31:40.800,240.937,660190,x,240.932,240.942
2013-01-15,VODl.TQ,13:31:40.800,160.007,379680,Auc,160.002,160.012
2013-01-15,BARC.L,13:32:09.600,246.864,583110,DARKTRADE,246.859,246.869
2013-01-15,VODl.TQ,13:32:09.600,161.962,826700,X,161.957,161.967
2013-01-15,BARCl.CHI,13:32:38.400,243.659,775190,x,243.654,243.664
2013-01-15,VODl.CHI,13:32:38.400,160.531,755480,b,160.526,160.536
2013-01-15,BARC.L,13:33:07.200,245.201,912970,Auc,245.196,245.206
2013-01-15,VOD.L,13:33:07.200,159.694,622420,DARKTRADE,159.689,159.699
2013-01-15,BARCl.CHI,13:33:36.000,246.725,996270,c,246.72,246.73
2013-01-15,VOD.L,13:33:36.000,162.827,208290,A,162.822,162.832
2013-01-15,BARC.L,13:34:04.800,241.734,315070,B,241.729,241.739
2013-01-15,VOD.L,13:34:04.800,161.156,731750,A,161.151,161.161
2013-01-15,BARC.L,13:34:33.600,241.848,565090,C,241.843,241.853
2013-01-15,VODl.CHI,13:34:33.600,162.442,787290,DRK,162.437,162.447
2013-01-15,BARCl.CHI,13:35:02.400,244.583,576590,DRK,244.578,244.588
2013-01-15,VOD.L,13:35:02.400,162.252,391700,A,162.247,162.257
2013-01-15,BARC.L,13:35:31.200,241.441,823740,A,241.436,241.446
2013-01-15,VOD.L,13:35:31.200,162.947,928710,C,162.942,162.952
2013-01-15,BARC.TQ,13:36:00.000,241.336,635680,C,241.331,241.341
2013-01-15,VOD.L,13:36:00.000,160.363,620060,X,160.358,160.368
2013-01-15,BARCl.CHI,13:36:28.800,241.195,721790,auc,241.19,241.2
2013-01-15,VODl.BS,13:36:28.800,160.053,584860,A,160.048,160.058
2013-01-15,BARC.TQ,13:36:57.600,241.435,495670,m,241.43,241.44
2013-01-15,VOD.L,13:36:57.600,161.318,970070,A,161.313,161.323
2013-01-15,BARC.L,13:37:26.400,243.972,662560,DARKTRADE,243.967,243.977
2013-01-15,VODl.TQ,13:37:26.400,163.03,900030,m,163.025,163.035
2013-01-15,BARCl.CHI,13:37:55.200,243.414,630220,DRK,243.409,243.419
2013-01-15,VODl.BS,13:37:55.200,160.563,219460,x,160.558,160.568
2013-01-15,BARC.TQ,13:38:24.000,245.79,991090,A,245.785,245.795
2013-01-15,VODl.BS,13:38:24.000,160.399,492480,c,160.394,160.404
2013-01-15,BARC.TQ,13:38:52.800,241.008,238530,C,241.003,241.013
2013-01-15,VOD.L,13:38:52.800,161.561,300910,A,161.556,161.566
2013-01-15,BARCl.BS,13:39:21.600,241.176,368850,AUC,241.171,241.181
2013-01-15,VODl.TQ,13:39:21.600,160.75,898660,m,160.745,160.755
2013-01-15,BARC.L,13:39:50.400,241.108,568710,C,241.103,241.113
2013-01-15,VODl.CHI,13:39:50.400,161.919,354980,DRK,161.914,161.924
2013-01-15,BARCl.BS,13:40:19.200,245.821,158100,c,245.816,245.826
2013-01-15,VOD.L,13:40:19.200,162.351,6440,X,162.346,162.356
2013-01-15,BARCl.CHI,13:40:48.000,247.067,440860,c,247.062,247.072
2013-01-15,VODl.CHI,13:40:48.000,161.169,18780,c,161.164,161.174
2013-01-15,BARC.TQ,13:41:16.800,241.963,417560,X,241.958,241.968
2013-01-15,VODl.CHI,13:41:16.800,162.88,996670,auc,162.875,162.885
2013-01-15,BARC.L,13:41:45.600,245.602,545090,X,245.597,245.607
2013-01-15,VOD.L,13:41:45.600,159.828,381300,X,159.823,159.833
2013-01-15,BARC.TQ,13:42:14.400,240.999,995480,B,240.994,241.004
2013-01-15,VOD.L,13:42:14.400,159.919,563820,X,159.914,159.924
2013-01-15,BARC.TQ,13:42:43.200,247.005,591950,X,247,247.01
2013-01-15,VODl.TQ,13:42:43.200,159.5,663010,X,159.495,159.505
2013-01-15,BARCl.CHI,13:43:12.000,241.041,350530,a,241.036,241.046
2013-01-15,VOD.L,13:43:12.000,159.868,898710,A,159.863,159.873
2013-01-15,BARCl.BS,13:43:40.800,241.022,551860,B,241.017,241.027
2013-01-15,VODl.CHI,13:43:40.800,161.766,324430,c,161.761,161.771
2013-01-15,BARCl.CHI,13:44:09.600,243.72,284750,x,243.715,243.725
2013-01-15,VODl.BS,13:44:09.600,162.468,465360,A,162.463,162.473
2013-01-15,BARC.L,13:44:38.400,242.204,81010,B,242.199,242.209
2013-01-15,VODl.BS,13:44:38.400,159.559,487790,A,159.554,159.564
2013-01-15,BARC.L,13:45:07.200,240.947,737570,B,240.942,240.952
2013-01-15,VODl.BS,13:45:07.200,162.547,285170,x,162.542,162.552
2013-01-15,BARCl.BS,13:45:36.000,245.748,654730,AUC,245.743,245.753
2013-01-15,VODl.TQ,13:45:36.000,162.294,415030,Auc,162.289,162.299
2013-01-15,BARCl.BS,13:46:04.800,241.027,508300,c,241.022,241.032
2013-01-15,VODl.BS,13:46:04.800,161.202,825040,AUC,161.197,161.207
2013-01-15,BARC.TQ,13:46:33.600,246.781,705970,m,246.776,246.786
2013-01-15,VODl.TQ,13:46:33.600,159.523,610280,A,159.518,159.528
2013-01-15,BARCl.CHI,13:47:02.400,241.754,824570,DRK,241.749,241.759
2013-01-15,VOD.L,13:47:02.400,159.197,106970,X,159.192,159.202
2013-01-15,BARC.TQ,13:47:31.200,241.502,335980,m,241.497,241.507
2013-01-15,VODl.TQ,13:47:31.200,160.452,192060,A,160.447,160.457
2013-01-15,BARC.L,13:48:00.000,244.133,679750,C,244.128,244.138
2013-01-15,VODl.BS,13:48:00.000,159.074,85380,c,159.069,159.079
2013-01-15,BARCl.CHI,13:48:28.800,247.033,21080,a,247.028,247.038
2013-01-15,VODl.CHI,13:48:28.800,160.39,73550,x,160.385,160.395
2013-01-15,BARC.L,13:48:57.600,245.895,582740,m,245.89,245.9
2013-01-15,VODl.TQ,13:48:57.600,162.608,96250,X,162.603,162.613
2013-01-15,BARCl.BS,13:49:26.400,241.374,213490,B,241.369,241.379
2013-01-15,VODl.TQ,13:49:26.400,159.371,403720,B,159.366,159.376
2013-01-15,BARC.TQ,13:49:55.200,242.696,180350,X,242.691,242.701
2013-01-15,VODl.CHI,13:49:55.200,159.297,354750,c,159.292,159.302
2013-01-15,BARCl.BS,13:50:24.000,246.472,463350,B,246.467,246.477
2013-01-15,VOD.L,13:50:24.000,160.372,438400,C,160.367,160.377
2013-01-15,BARC.L,13:50:52.800,242.714,238170,A,242.709,242.719
2013-01-15,VODl.TQ,13:50:52.800,160.223,107670,C,160.218,160.228
2013-01-15,BARC.TQ,13:51:21.600,241.078,477500,Auc,241.073,241.083
2013-01-15,VODl.TQ,13:51:21.600,159.902,280890,DARKTRADE,159.897,159.907
2013-01-15,BARCl.CHI,13:51:50.400,245.762,19010,a,245.757,245.767
2013-01-15,VOD.L,13:51:50.400,160.131,64500,C,160.126,160.136
2013-01-15,BARC.L,13:52:19.200,246.612,868590,C,246.607,246.617
2013-01-15,VODl.BS,13:52:19.200,159.004,522930,AUC,158.999,159.009
2013-01-15,BARC.L,13:52:48.000,243.449,357060,C,243.444,243.454
2013-01-15,VODl.CHI,13:52:48.000,162.971,477390,c,162.966,162.976
2013-01-15,BARCl.CHI,13:53:16.800,241.061,678400,b,241.056,241.066
2013-01-15,VODl.BS,13:53:16.800,162.789,738660,DARK,162.784,162.794
2013-01-15,BARC.L,13:53:45.600,241.553,381840,DARKTRADE,241.548,241.558
2013-01-15,VODl.CHI,13:53:45.600,159.528,67440,x,159.523,159.533
2013-01-15,BARC.TQ,13:54:14.400,246.886,532860,DARKTRADE,246.881,246.891
2013-01-15,VODl.BS,13:54:14.400,159.055,871520,AUC,159.05,159.06
2013-01-15,BARC.TQ,13:54:43.200,241.096,391270,C,241.091,241.101
2013-01-15,VODl.CHI,13:54:43.200,160.479,26200,a,160.474,160.484
2013-01-15,BARC.TQ,13:55:12.000,243.666,676900,C,243.661,243.671
2013-01-15,VOD.L,13:55:12.000,158.978,455530,m,158.973,158.983
2013-01-15,BARC.L,13:55:40.800,240.953,541710,B,240.948,240.958
2013-01-15,VODl.TQ,13:55:40.800,160.661,338230,C,160.656,160.666
2013-01-15,BARCl.BS,13:56:09.600,247.074,995190,c,247.069,247.079
2013-01-15,VODl.BS,13:56:09.600,160.196,437690,x,160.191,160.201
2013-01-15,BARCl.BS,13:56:38.400,242.285,613900,DARK,242.28,242.29
2013-01-15,VODl.BS,13:56:38.400,159.056,233010,AUC,159.051,159.061
2013-01-15,BARCl.CHI,13:57:07.200,243.205,268370,a,243.2,243.21
2013-01-15,VODl.TQ,13:57:07.200,162.868,353590,A,162.863,162.873
2013-01-15,BARC.L,13:57:36.000,241.298,170050,C,241.293,241.303
2013-01-15,VODl.BS,13:57:36.000,159.146,823560,c,159.141,159.151
2013-01-15,BARC.L,13:58:04.800,246.623,442510,B,246.618,246.628
2013-01-15,VOD.L,13:58:04.800,159.204,623290,DARKTRADE,159.199,159.209
2013-01-15,BARC.L,13:58:33.600,245.382,967290,C,245.377,245.387
2013-01-15,VODl.BS,13:58:33.600,161.238,813710,A,161.233,161.243
2013-01-15,BARCl.BS,13:59:02.400,243.844,963910,B,243.839,243.849
2013-01-15,VOD.L,13:59:02.400,162.308,310550,Auc,162.303,162.313
2013-01-15,BARC.L,13:59:31.200,242.003,501780,X,241.998,242.008
2013-01-15,VODl.CHI,13:59:31.200,162.919,382410,a,162.914,162.924
2013-01-15,BARCl.CHI,14:00:00.000,241.352,235410,DRK,241.347,241.357
2013-01-15,VODl.BS,14:00:00.000,160.069,893110,B,160.064,160.074
2013-01-15,BARCl.BS,14:00:28.800,243.784,644750,B,243.779,243.789
2013-01-15,VODl.TQ,14:00:28.800,162.183,759590,m,162.178,162.188
2013-01-15,BARC.TQ,14:00:57.600,246.747,733550,C,246.742,246.752
2013-01-15,VOD.L,14:00:57.600,160.085,564980,DARKTRADE,160.08,160.09
2013-01-15,BARCl.BS,14:01:26.400,246.846,518880,x,246.841,246.851
2013-01-15,VODl.CHI,14:01:26.400,160.734,125410,DRK,160.729,160.739
2013-01-15,BARCl.CHI,14:01:55.200,246.518,326110,c,246.513,246.523
2013-01-15,VODl.TQ,14:01:55.200,162.887,218600,X,162.882,162.892
2013-01-15,BARC.L,14:02:24.000,246.928,718350,X,246.923,246.933
2013-01-15,VODl.CHI,14:02:24.000,159.021,795610,b,159.016,159.026
2013-01-15,BARCl.CHI,14:02:52.800,241.131,792130,DRK,241.126,241.136
2013-01-15,VODl.BS,14:02:52.800,159.779,113320,AUC,159.774,159.784
2013-01-15,BARCl.CHI,14:03:21.600,242.836,345140,c,242.831,242.841
2013-01-15,VODl.TQ,14:03:21.600,160.08,973560,Auc,160.075,160.085
2013-01-15,BARC.L,14:03:50.400,241.732,400120,DARKTRADE,241.727,241.737
2013-01-15,VOD.L,14:03:50.400,162.742,440080,m,162.737,162.747
2013-01-15,BARC.L,14:04:19.200,241.516,704290,B,241.511,241.521
